3259 4134
623 239 688 288 34
1473 235 1875 286 ADELPHOE.
2382 238 2484 302 [IV
2508 252 2552 298 2,
2574 253 2717 305 9-25.

721 405 816 462 ΞΥ.
867 401 1092 479 (aside)
1125 400 1322 460 Rideo
1343 400 1500 459 hunc
1523 421 1536 458 ε
1581 400 1840 476 primum
1860 403 1941 459 ait
1958 418 2025 480 §e
2047 401 2197 459 scire
2216 421 2236 474 3
2279 401 2329 460 is
2348 402 2507 461 solus
2527 404 2719 462 nescit

1505 498 1725 556 Omnia.

623 615 669 654 ιο
701 600 817 656 ΒΕ.
869 599 1198 675 (continues
1217 595 1523 672 soliloquy)
1556 597 1734 654 Nunc
1763 593 1945 654 redeo
1964 616 1984 669 3
2024 596 2071 653 si
2101 596 2249 655 forte
2279 597 2454 656 frater
2481 597 2718 656 redierit

1501 695 1648 754 uiso.
1733 695 1841 753 CT.
1894 694 2068 771 (cach
2094 703 2240 753 sotto
2267 695 2429 773 voce)
2466 698 2624 773 Syre,

859 767 1143 865 6bsecr0,
1175 793 1312 850 uide
1341 811 1417 850 ne
1447 793 1540 850 ille
1579 792 1697 849 huc
1739 810 1973 867 prorsus
2016 811 2079 851 se
2122 796 2327 852 inruat.
2411 795 2505 854 SY.
2557 796 2715 873 (aha

1497 898 1643 948 sotto
1671 888 1833 967 voce)
1874 890 2070 949 Etizim
2100 893 2303 950 taces?
2597 910 2715 970 550

860 977 990 1066 Ego
1020 990 1265 1046 cauebo,
1349 989 1456 1047 CT.
1509 986 1715 1063 (ditio)
1755 989 2097 1063 Numquam
2140 988 2336 1047 hercle
2378 988 2557 1048 hodie
2600 1008 2715 1067 ego

1499 1088 1647 1143 istuc
1675 1086 2045 1144 committatn
2073 1085 2179 1145 tibi
2199 1106 2217 1158 ;

860 1187 1014 1243 Nam
1047 1203 1140 1242 me
1171 1184 1287 1242 iam
1316 1184 1376 1241 in
1403 1183 1614 1241 cellam
1644 1183 1898 1258 aliquam
1928 1202 2065 1241 cum
2092 1184 2192 1242 illa
2210 1184 2567 1243 concludam
2586 1206 2606 1262 5
2648 1184 2713 1243 id

1498 1284 1945 1348 tutissumumst.

649 1454 652 1458 A
715 1382 809 1438 Sv.
863 1378 1065 1458 (ditto)
1106 1370 1258 1455 Age,
1287 1388 1487 1436 tamen
1516 1396 1629 1454 ego
1657 1378 1815 1437 hunc
1838 1379 2151 1437 AmouebO.
2218 1379 2553 1456 (crastimo
2573 1401 2708 1456 goes

1496 1477 1620 1535 into
1650 1475 1744 1534 the
1770 1475 1997 1552 house.)
2069 1476 2185 1534 DE.
2238 1476 2461 1553 (seeing
2483 1477 2703 1555 SYRVS)

1496 1573 1612 1632 Sed
1643 1591 1852 1631 eccum
1883 1573 2231 1632 sceleratum
2259 1575 2483 1649 Syrum.

619 1689 664 1727 15
719 1674 812 1732 Sv.
865 1673 1225 1747 (grumblt'ng
1262 1681 1318 1730 to
1357 1671 1606 1746 himself,
1650 1673 1760 1730 but
1791 1691 1856 1728 so
1900 1672 2036 1730 that
2070 1672 2294 1729 DEMEA
2334 1672 2499 1730 shall
2527 1672 2705 1750 hear)

1501 1770 1642 1828 Non
1670 1768 1867 1828 hercle
1896 1768 1994 1827 hic
2022 1769 2123 1843 qui
2151 1769 2278 1827 uolt
2306 1767 2515 1828 durare
2557 1774 2711 1846 quis-

1498 1885 1675 1942 quam
1728 1867 1775 1924 si
1806 1866 1891 1925 sic
1921 1867 2004 1939 fit,
2034 1875 2250 1942 potest.

857 1967 1013 2024 Scire
1044 1963 1323 2040 equidem
1351 1965 1508 2036 uolo,
1540 1912 1703 2039 quod⁸
1734 1963 1879 2022 mihi
1909 1965 2025 2022 sint
2057 1963 2283 2024 demini
2308 1986 2322 2024 ε
2368 1981 2520 2040 quae
2564 1965 2713 2024 haec

1498 2072 1586 2120 est
1617 2062 1847 2120 miseria
1872 2064 1885 2120 ἔ
2596 2080 2709 2141 555

697 2162 812 2219 DE.
866 2161 1074 2238 (again
1105 2160 1298 2237 aside)
1331 2160 1491 2234 Quid
1520 2160 1614 2218 ille
1645 2159 1891 2236 gannit?
1958 2158 2101 2234 quid
2130 2159 2295 2218 uolt?
2371 2159 2460 2236 (to
2488 2160 2707 2237 SYRvs)

1270 2321 1273 2326 ,
1499 2257 1642 2332 quid
1671 2261 1773 2329 a'iS,
1802 2257 1960 2317 bone
1990 2257 2119 2314 uir?
2160 2267 2249 2316 est
2276 2257 2451 2317 frater
2478 2257 2687 2316 domi?

715 2359 808 2414 SY.
854 2355 1015 2431 Quid
1059 2357 1276 2414 malum
1333 2355 1508 2413 ‘bone
1552 2357 1657 2413 uir’
1704 2354 1847 2412 mihi
1888 2355 2127 2413 narras?
2224 2354 2503 2430 equidem
2546 2356 2713 2432 perii.

1494 2452 1609 2510 DE.
1655 2451 1815 2526 Quid
1844 2451 2005 2511 tibist
2018 2453 2046 2510 Ρ
2634 2441 2639 2446 ’

715 2553 808 2610 SY.
854 2551 1142 2626 Rogitas?
1222 2550 1510 2626 Ctesipho
1539 2568 1636 2608 me
1667 2550 1877 2626 pugnis
1920 2552 2200 2608 miserum
2241 2558 2304 2608 et
2345 2548 2517 2608 istam
2559 2551 2713 2626 psal-

1493 2648 1666 2705 triam

612 2761 664 2800 20
849 2719 1050 2821 visque
1078 2744 1317 2804 occidit.
1403 2746 1517 2802 DE.
1563 2746 1746 2815 Hem,
1776 2742 1921 2819 quid
1950 2745 2190 2802 narras?
2269 2745 2364 2803 ΒΥ.
2410 2730 2545 2818 Em,
2575 2744 2714 2805 uide

1495 2851 1559 2900 ut
1587 2840 1827 2900 discidit
1855 2841 2100 2900 labrum.

695 2942 810 3000 DE.
855 2942 1050 3016 Quam
1073 2941 1152 2999 <sb
1174 2958 1297 2998 rem
1314 2940 1342 2997 Ρ
1409 2940 1502 2998 ΞΥ.
1534 2940 1639 2996 Me
1668 2939 1964 3014 inpulsbre
1986 2938 2141 2997 hanc
2170 2948 2434 3014 emptam
2456 2957 2584 2999 esse
2614 2944 2712 2999 ait.

1495 3037 1609 3094 DE.
1649 3037 1706 3094 N
1710 3054 1790 3095 on
1818 3046 1882 3095 tu
1911 3055 2047 3094 eum
2074 3055 2171 3095 rus
2200 3035 2335 3094 hinc
2366 3037 2551 3096 modo
2594 3041 2713 3115 560

853 3135 1123 3195 Prbduxe
1165 3135 1370 3193 aibas?
1449 3134 1542 3193 Sv.
1588 3134 1637 3192 F
1639 3135 1876 3208 actuum
1932 3152 2136 3194 uerum
2180 3133 2343 3193 uenit
2383 3144 2521 3211 post
2562 3135 2711 3195 insa-

1491 3249 1660 3288 mens
1685 3253 1697 3288 :

853 3331 910 3388 N
915 3330 952 3388 ss
981 3328 1265 3404 pepercit.
1336 3330 1459 3386 nt'm
1487 3326 1769 3403 puduisse
1799 3328 2104 3388 uerberare
2133 3329 2437 3388 hominem
2466 3348 2670 3390 senem
2697 3333 2711 3390 ἕ

853 3427 1050 3501 Quem
1095 3428 1207 3502 ego
1245 3424 1429 3483 modo
1471 3427 1721 3500 puerum
1763 3426 2051 3484 tantillum
2087 3427 2151 3484 in
2179 3427 2449 3488 munibus
2488 3431 2711 3505 gestaui

1490 3541 1658 3582 meis.

610 3637 660 3676 25
690 3621 804 3678 DE.
849 3618 1092 3678 Laudo:
1146 3620 1649 3697 (apostrophizing
1700 3621 1794 3679 his
1846 3621 1983 3695 son)
2042 3622 2348 3699 Ctesipht‘),
2396 3625 2670 3701 patrissas
2694 3646 2707 3684 :

828 3748 832 3752 -
1444 3751 1450 3758 ·
1493 3717 1608 3782 abi,
1639 3717 1830 3775 uirum
1860 3727 1919 3776 te
1948 3718 2166 3778 iudico.
