3259 4134
375 297 610 364 iii-2473

370 2165 425 2214 35

368 3331 425 3384 45

1126 296 1284 346 ΗΕΑ
1301 296 1351 346 V
1352 297 1404 348 T
1403 296 1514 347 ΟΝ
1557 297 1803 347 TJMOR
1816 298 2136 350 VMENOS.
2820 303 2881 352 31

702 477 859 539 Dico
885 475 1300 552 adulescentis,
1383 479 1479 538 Sv.
1517 479 1731 559 (asidc,
1762 477 2049 558 relieved)
2084 479 2243 555 syre,
2275 481 2383 540 tibi
2411 482 2580 542 timui
2607 483 2759 542 male
2787 485 2801 542 Ξ

537 578 654 637 ΕΗ.
694 575 816 652 Qui
831 577 1036 653 psssus
1053 584 1144 635 est
1160 573 1224 636 id
1243 574 1392 635 fleri.
1462 576 1559 635 Sv.
1581 573 1961 656 (t'nnocentgy)
1984 575 2149 653 Quid
2167 577 2429 640 faceret?
2494 579 2612 640 ΕΗ.
2642 582 2843 658 Rogas
2857 583 2885 640 ?

535 1555 631 1615 ὃν.

532 1751 651 1811 ΕΗ.

693 672 934 750 Aliquid
960 673 1266 750 reperiret,
1299 672 1554 750 fingeret
1581 673 1859 747 fallaciaS,

691 769 868 830 Vnde
898 773 1054 831 esset
1083 769 1468 844 adulescenti,
1497 769 1727 830 amicae
1755 769 1921 848 quod
1951 770 2139 846 daret,

693 871 888 946 Atque
916 868 1076 928 hunc
1105 867 1408 928 difficilem
1437 867 1686 928 inuitum
1719 871 1988 928 uorsaret
2016 887 2241 930 senem.
2764 873 2883 933 535

375 995 426 1041 2³
537 969 630 1028 ὃν.
693 969 912 1028 Garris.
996 967 1115 1027 ΕΗ.
1159 968 1336 1026 Haec
1365 965 1522 1026 facta
1548 966 1625 1027 ab
1656 966 1754 1026 illo
1784 968 2117 1044 oportebat,
2147 970 2308 1045 Syre.

534 1067 628 1126 Sv.

695 1065 1086 1146 (pretench’ng
1105 1061 1402 1222 sticrpnke)
1443 1063 1578 1124 Eho
1621 1057 1845 1142 quaeso
1887 1063 2111 1140 laudaS,
2138 1069 2241 1143 qui
2275 1084 2405 1126 eros
2438 1067 2686 1128 fallunt?
2764 1070 2881 1151 ΕΗ.

1171 1180 1212 1220 n
1239 1161 1378 1224 loco

695 1261 828 1338 Ego
853 1262 998 1320 uero
1027 1257 1225 1320 laudo.
1309 1259 1404 1320 Sv.
1449 1261 1644 1320 Recte
1674 1278 1834 1322 sane.
1917 1262 2035 1321 ΕΗ.
2078 1262 2319 1338 Quippe
2347 1261 2451 1337 qui

692 1359 1046 1436 Magnarum
1074 1375 1254 1434 saepe
1282 1355 1348 1416 id
1375 1356 1708 1418 remedium
1738 1358 2262 1436 aegritudinumst:

693 1456 798 1519 Vel
813 1456 933 1518 iam
958 1455 1096 1516 huic
1125 1455 1434 1516 mansisset
1461 1456 1671 1516 unicus
1697 1460 1909 1533 gnatus
1936 1456 2120 1516 domi.
2762 1456 2882 1516 540

701 1553 926 1634 (asido)
1001 1555 1228 1614 Iocone
1255 1572 1334 1612 an
1361 1553 1516 1613 serio
1545 1553 1635 1612 ille
1663 1554 1813 1618 haec
1841 1552 2004 1614 dicat
2029 1552 2272 1628 nesci03

694 1650 827 1712 Nisi
852 1651 997 1711 mihi
1021 1651 1268 1728 quidem
1296 1649 1466 1711 addit
1493 1651 1776 1725 animum,
1806 1669 1926 1727 quo
1953 1652 2151 1712 lubeat
2178 1652 2383 1728 magis.

691 1752 771 1809 Et
797 1752 956 1810 nunc
983 1746 1130 1826 quid
1161 1751 1458 1825 expectat,
1488 1750 1628 1826 Syre
1646 1751 1675 1808 ?
1710 1767 1789 1808 an
1816 1748 1961 1808 dum
1989 1747 2087 1808 hic
2114 1750 2314 1810 denuo

693 1847 907 1921 Abeat,
933 1864 1120 1923 quom
1148 1847 1399 1906 tolerare
1427 1846 1578 1906 Illius
1605 1855 1875 1923 sumptus
1902 1850 2025 1906 non
2051 1857 2233 1923 queat
2246 1849 2275 1906 Ρ

695 1945 914 2005 Nonne
941 1942 1022 2004 ad
1051 1962 1258 2006 senem
1291 1944 1550 2021 aliquam
1584 1944 1867 2004 fAbricam
1900 1945 2109 2022 fingit?
2189 1946 2283 2004 Sv.
2322 1944 2870 2024 (contemptuously)

1133 2041 1393 2102 Stolidus
1423 2050 1531 2101 est.
2762 2041 2882 2100 545

536 2140 653 2201 ΕΗ.
691 2141 770 2202 At
798 2149 858 2200 te
885 2137 1152 2200 adiutare
1181 2143 1420 2218 oportet
1450 2138 1877 2199 adulescentuli

693 2238 908 2297 Causa.
988 2237 1086 2298 ΒΥ.
1125 2238 1302 2315 (with
1332 2255 1372 2296 a
1399 2235 1669 2313 satisfied
1686 2234 1819 2315 air)
1850 2237 2057 2296 Facile
2080 2237 2361 2313 equidem
2392 2237 2585 2296 facere
2614 2254 2878 2314 possum,

1133 2338 1183 2394 si
1211 2335 1378 2396 iubes
1398 2355 1417 2409 3

694 2433 934 2492 Etenim
962 2450 1083 2508 quo
1113 2441 1291 2508 pacto
1320 2432 1383 2492 id
1413 2431 1544 2491 fleri
1571 2432 1774 2506 soleat,
1805 2431 2013 2492 caneo·

533 2531 653 2591 ΕΗ.
688 2530 884 2590 Tanto
912 2528 1112 2590 hercle
1141 2529 1366 2589 melior.
1435 2526 1531 2585 Sv.
1559 2525 1902 2605 (assuming
1917 2542 1957 2581 a
1979 2524 2247 2582 virtuous
2268 2522 2398 2600 air)
2430 2524 2571 2583 Non
2592 2534 2683 2583 est
2705 2543 2867 2584 men-

531 2725 650 2786 ΕΗ.

1067 2613 1090 2636 ’
1134 2627 1228 2687 tiri
1257 2647 1318 2687 m
1355 2646 1476 2687 um.

689 2727 811 2785 Fac
839 2727 1003 2802 ergo·
1085 2725 1176 2785 Sv.
1208 2727 1288 2784 At
1315 2645 1460 2784 {eus
1483 2733 1566 2798 tu,
1589 2724 1770 2784 facito
1792 2722 1937 2784 dum
1959 2723 2172 2784 eadem
2193 2723 2343 2784 haec
2362 2723 2721 2799 memineriS,
2764 2725 2882 2784 550

696 2823 756 2883 Si
783 2821 928 2898 quid
955 2821 1124 2885 huius
1155 2821 1343 2881 simile
1374 2822 1524 2881 sorte
1553 2821 1872 2897 aliquando
1899 2821 2182 2898 euenerit,

691 2921 772 2978 Vt
799 2922 935 2979 sunt
961 2918 1237 2993 humana,
1269 2923 1402 2978 tuos
1430 2928 1496 2978 ut
1523 2918 1703 2978 faciat
1730 2917 1901 2978 filius.

538 3017 655 3078 ΕΗ.
697 3018 840 3077 Non
865 3020 1006 3076 usus
1033 3017 1250 3090 ueniet,
1281 3019 1475 3094 spero.
1561 3017 1657 3077 Sv.
1699 3017 1889 3094 Spero
1916 3016 2115 3076 hercle
2143 3018 2255 3093 ego
2283 3034 2543 3093 quoque,

695 3115 911 3192 Neque
941 3117 1016 3174 eo
1044 3132 1202 3174 nunc
1231 3113 1392 3188 dico,
1420 3117 1542 3191 quo
1570 3113 1892 3191 quicquam
1922 3114 2083 3173 illum
2112 3113 2433 3188 senserim3

692 3211 812 3272 Sed
839 3214 888 3272 si
915 3210 1080 3288 quid,
1111 3229 1186 3272 ne
1217 3211 1381 3288 quid.
1463 3215 1616 3288 quae
1648 3212 1722 3271 sit
1750 3212 1875 3271 eius
1902 3213 2084 3283 aetas,
2116 3208 2284 3270 uides
2304 3231 2323 3285 3
2762 3211 2881 3270 555

699 3309 779 3368 Et
805 3327 882 3368 ne
911 3310 1025 3386 ego
1053 3318 1132 3383 te,
1161 3308 1211 3370 si
1236 3327 1374 3369 usus
1403 3309 1621 3383 ueniat,
1652 3308 1982 3385 magnifice,
2013 3309 2317 3383 Chremes,

693 3406 975 3468 TractAre
1003 3406 1246 3482 possim.
1330 3407 1448 3468 ΕΗ.
1487 3405 1827 3486 (laught’ng)
1866 3407 1961 3466 De
1990 3409 2162 3480 istoc,
2192 3425 2376 3492 quom
2402 3425 2542 3466 usus
2568 3407 2813 3479 uenerit,

693 3501 1044 3565 Videbimus
1069 3502 1217 3581 quid
1244 3507 1396 3582 opus
1424 3503 1535 3565 sit:
1579 3521 1739 3564 nunc
1772 3503 1927 3564 istuc
1960 3522 2085 3582 age.

1823 3601 2020 3681 (Exit
2045 3603 2341 3663 CHREMES
2368 3603 2492 3662 into
2520 3602 2614 3659 his
2642 3598 2870 3677 house.)

1971 3859 2029 3882 ὁ
