3259 4134
611 271 660 322 2,
687 259 904 327 afa-32]
1019 329 1045 342 ι
1368 258 1754 312 ADELPHOE
2556 262 2621 313 23

757 424 877 486 Sed
918 399 1090 486 cesso
1131 443 1293 485 eram
1334 427 1453 484 hoc
1497 423 1655 484 malo
1698 426 1957 501 inpertiri
1998 429 2250 502 propere
2265 428 2294 485 ?
2380 426 2622 506 (Moves

1402 525 1665 582 towards
1693 524 2007 582 SOSTRATA’
2012 540 2041 583 s
2068 522 2299 601 house.)
2374 525 2479 583 So.
2532 527 2621 602 (to

1405 619 1770 698 CANTHARA)
1868 623 2263 682 ReuocemuS.
2409 621 2613 701 (calls)

1404 721 1577 780 Geta.
1642 719 1757 778 GE.
1810 718 1950 796 (not
1970 721 2204 795 lookmg
2223 740 2299 778 or
2320 721 2611 797 stoppmg)

1407 819 1590 890 Hem,
2504 836 2623 894 320

763 915 1046 992 Quisquis
1095 921 1178 988 es,-
1219 915 1345 974 sine
1396 933 1511 974 me.
1615 915 1713 974 So,
1773 899 1905 990 Ego
1954 934 2082 973 sum
2132 915 2406 975 Sostrata.
2508 917 2619 974 GE.

1415 1011 1719 1090 (turning)
1755 992 1872 1070 fibi
1902 1013 2069 1070 east?
2133 1011 2355 1089 (seeing
2390 1010 2525 1088 her)
2565 1022 2621 1070 te

1405 1109 1594 1184 ipsam
1625 1111 1910 1184 quaeritO,

761 1207 852 1265 Te
893 1209 1212 1283 exspect03
1253 1205 1482 1282 oppido
1511 1209 1847 1282 opportune
1876 1216 1934 1264 te
1965 1207 2224 1280 obtulisti
2255 1207 2334 1263 mi
2366 1207 2620 1266 obuiam.

519 1320 571 1360 25
775 1306 931 1380 (goes
971 1323 1066 1377 on,
1096 1306 1358 1380 panting
1376 1303 1493 1378 sor
1528 1303 1767 1380 breath)
1823 1289 1942 1362 Era
1967 1337 2049 1344 —
2130 1305 2226 1362 So.
2285 1303 2446 1377 Quid
2496 1306 2625 1362 est?

1406 1400 1550 1476 quid
1595 1401 1900 1477 trepidas?
1997 1402 2109 1459 GE.
2170 1401 2241 1458 Ei
2291 1402 2410 1459 mi!
2515 1402 2623 1460 CA.

1407 1497 1568 1573 Quid
1599 1499 1855 1571 festinaS,
1887 1502 1967 1556 mi
1998 1499 2193 1557 Geta?

763 1585 1045 1655 Animam
1118 1595 1335 1670 recipe.
1445 1596 1560 1654 GE.
1632 1598 1867 1671 prorsus
1887 1629 1971 1639 ——
2069 1596 2166 1654 So.
2240 1594 2403 1669 Quid
2476 1596 2625 1654 istuc
2676 1580 2683 1586 ⁸

1402 1695 1677 1768 ‘prorsus’
1710 1710 1773 1750 er
1812 1694 1946 1750 ost?
2028 1693 2139 1750 GE.
2185 1693 2483 1768 periimus.

764 1778 1059 1848 Actumst.
1101 1829 1110 1836 -
1163 1791 1260 1848 SO.
1319 1791 1630 1865 Eloquere,
1684 1791 1934 1849 obsecro
1990 1800 2067 1861 te,
2117 1789 2257 1863 quid
2290 1789 2429 1862 flt?
2511 1790 2624 1848 GE.

1406 1888 1639 1944 Iam—
1696 1888 1793 1946 So,
1853 1885 2014 1960 Quid
2046 1887 2221 1958 ‘iam',
2255 1887 2451 1945 Geta?
2508 1905 2619 1963 325

603 1985 718 2044 GE.
763 1973 1189 2043 Aeschinus—
1269 1985 1364 2043 SO.
1423 1983 1585 2058 Quid
1628 1985 1677 2042 is
1720 1985 1904 2059 ergo?
1985 1984 2098 2042 GE.
2155 1984 2377 2041 alienus
2420 1986 2510 2041 est
2550 1984 2627 2042 ab

1405 2091 1606 2139 nostra
1635 2082 1871 2140 familia.
1954 2082 2051 2140 SO.
2111 2083 2293 2152 Hem,

766 2179 936 2238 Perii.
1019 2197 1136 2254 qua
1176 2179 1281 2236 re?
1361 2179 1474 2236 GE.
1531 2180 1749 2236 Amare
1791 2179 2029 2253 occepit
2072 2178 2263 2236 aliam.
2348 2179 2444 2236 So,
2500 2179 2625 2235 Vae

1408 2275 1654 2333 miserae
1688 2274 1849 2333 mihi.

519 2389 572 2429 ³0
604 2373 718 2433 GE.
764 2374 976 2448 Neque
1005 2371 1076 2430 id*
1095 2371 1326 2430 occulte
1356 2371 1483 2443 fert,
1515 2371 1592 2430 ab
1621 2371 1835 2430 lenone
1866 2375 2023 2447 ipsus
2052 2373 2263 2448 en'puit
2290 2372 2505 2447 palam.

603 2471 700 2530 SO.
765 2471 961 2530 Satine
990 2470 1107 2529 hoc
1147 2470 1472 2528 certumst?
1552 2469 1667 2528 GE.
1724 2469 1987 2530 Certum.
2070 2469 2231 2527 hisce
2275 2469 2459 2527 oculis
2487 2471 2625 2544 ego-

1407 2575 1530 2624 met
1558 2565 1703 2637 uidi,
1733 2566 2009 2624 Sestrata.
2092 2567 2188 2625 SO.
2273 2566 2365 2624 Ah

766 2666 870 2722 Me
899 2667 1187 2728 miseram.
1244 2663 1388 2738 quid
1431 2663 1549 2721 iam
1590 2662 1841 2731 credas?
1880 2673 1981 2720 aut
2022 2664 2163 2739 quoi
2204 2663 2453 2722 credas?
2492 2682 2627 2722 nos-

1408 2770 1641 2819 trumne
1672 2760 2031 2819 Aeschinum
2060 2764 2071 2818 !
2510 2780 2628 2836 330

768 2860 825 2918 N
829 2861 1048 2918 ostram
1090 2858 1272 2916 uitam
1320 2859 1585 2916 omniurn
1636 2860 1696 2915 in
1742 2876 1863 2932 quo
1905 2866 2137 2916 nostrae
2180 2861 2314 2934 spes
2362 2876 2627 2934 opesque

1407 2957 1617 3013 omnes
1649 2955 1793 3012 sitae

767 3054 987 3111 Erant!
1031 3054 1132 3127 qui
1173 3051 1296 3110 sine
1340 3050 1452 3108 hac
1494 3051 1827 3109 iurabat'se
1870 3070 2053 3109 unum
2089 3055 2413 3127 numquam
2441 3052 2627 3109 uictu-

1407 3152 1538 3206 rum
1567 3147 1730 3206 diem
1757 3151 1769 3206 !
2552 3207 2575 3228 .

521 3263 573 3302 ω
766 3248 886 3322 Qui
913 3265 976 3306 se
1007 3250 1066 3305 in
1093 3246 1182 3304 sui
1208 3246 1436 3321 gremio
1465 3245 1794 3320 positurum
1822 3248 2071 3320 puerum
2101 3245 2340 3305 dicebat
2368 3247 2548 3323 patris
2575 3250 2586 3304 !

767 3346 859 3403 Ita
887 3345 1344 3415 obsecraturum,
1375 3347 1441 3402 ut
1468 3343 1673 3401 liceret
1702 3342 1855 3401 hanc
1886 3361 1949 3400 se
1978 3362 2219 3402 uxorem
2248 3343 2465 3403 ducere
2494 3348 2506 3402 1

604 3445 720 3503 GE.
764 3444 900 3516 Era,
929 3444 1216 3502 lacrumas
1258 3442 1423 3500 mitte
1466 3459 1538 3499 ac
1580 3441 1777 3516 potius
1809 3441 1973 3517 quod
2014 3440 2093 3499 ad
2134 3442 2287 3500 hanc
2324 3461 2449 3500 rem
2460 3439 2627 3517 opus

1407 3548 1498 3598 est
1525 3557 1702 3615 porro
1733 3540 2045 3616 prospice.
2511 3557 2622 3617 335

767 3638 1136 3698 PatiAmurne
1186 3658 1263 3697 an
1309 3641 1608 3698 narremus
1660 3640 2008 3715 quoipiam?
2115 3639 2222 3698 CA.
2282 3640 2369 3697 Au
2421 3657 2513 3710 an,
2548 3641 2628 3696 mi

1405 3735 1608 3808 home,
1640 3739 1827 3794 sanun
1858 3737 1964 3794 es?
