3259 4134
413 295 420 300 ’
442 305 516 358 60
817 350 822 355 ,
1521 303 1884 354 PHORMIO.
2733 304 2965 377 [v·8·75-

625 486 738 546 ΡΗ.
775 485 1007 566 (aloud,
1039 493 1094 546 to
1123 488 1217 546 the
1243 488 1348 545 old
1368 485 1530 564 men)
1569 487 1703 546 Itan
1744 485 1915 562 agitis
1958 489 2238 547 mecum?
2276 487 2415 548 satis
2456 499 2647 550 astute
2690 491 2793 550 ad—
2903 519 2957 568 75

1247 585 1579 660 gredimini.

768 684 910 742 Non
936 681 1134 742 hercle
1164 702 1239 742 ex
1265 701 1329 740 re
1357 683 1524 742 istius
1561 679 1872 758 (pointing
1906 691 1962 742 to
2000 683 2326 763 CHREMES)
2363 702 2459 744 me
2488 688 2790 764 instigasti,

1248 780 1570 856 Demipho,
1828 778 1833 783 ’

441 880 561 938 970
773 879 861 959 (to
889 877 1214 957 CHREMES)
1242 879 1357 937 Ain
1387 889 1447 938 tu
1464 880 1492 938 ?
1517 878 1616 939 (ibi
1651 897 1803 954 quae
1831 877 2080 942 lubitum
2111 879 2285 940 fuerit
2313 899 2558 956 peregre
2582 883 2789 942 feceris

763 978 976 1052 Neque
1009 976 1176 1035 huius
1205 976 1282 1050 sis
1310 977 1530 1036 ueritus
1559 977 1815 1036 feminae
1842 979 2173 1053 primariae,

763 1075 924 1149 Quin
949 1077 1109 1134 nouo
1140 1075 1324 1134 modo
1353 1079 1409 1134 ei
1436 1076 1657 1142 faceres
1686 1077 2127 1150 contumeliam,

758 1173 976 1232 Venias
1006 1160 1163 1231 nunc
1192 1173 1468 1249 precibus
1496 1161 1721 1233 lautum
1750 1177 2065 1250 peccatum
2094 1177 2303 1234 tuom?
2896 1191 2959 1237 80

763 1272 951 1330 Hisce
981 1274 1092 1348 ego
1123 1257 1280 1329 inam
1310 1272 1484 1330 dictis
1512 1275 1594 1331 ita
1621 1273 1731 1331 tibi
1759 1273 2059 1330 iacens-Am
2088 1271 2266 1346 dabo,

371 1431 374 1433 Α
438 1369 558 1428 975
758 1371 840 1428 Vt
866 1372 940 1428 ne
971 1371 1312 1446 restinguas,
1345 1371 1616 1428 lacrumis
1648 1370 1696 1428 si
1724 1370 2109 1450 extillaueris.·
2277 1360 2281 1364 ¹

617 1471 732 1528 DE.
769 1469 1060 1548 (angrily)
1107 1469 1370 1548 [Malum
1397 1468 1559 1544 quod
1588 1468 1683 1526 isti
1711 1467 1775 1526 di
1802 1468 2071 1543 deaeque
2098 1484 2309 1527 omnes
2336 1469 2506 1528 duint
2532 1468 2579 1548 Ξ]

757 1567 1025 1651 TantAne
1057 1568 1358 1626 adfectum
1387 1569 1749 1642 quemquam
1778 1583 1905 1624 esse
1935 1566 2237 1625 hominem
2266 1566 2516 1625 audacia
2540 1571 2553 1626 !

761 1667 904 1726 Non
932 1665 1048 1725 hoc
1075 1665 1389 1741 publicitus
1419 1665 1606 1723 scelus
1633 1664 1773 1722 hinc
1802 1665 2153 1739 asportatier
2894 1679 2951 1739 85

763 1764 838 1822 In
864 1764 1017 1822 solas
1045 1773 1226 1822 terras
1253 1766 1266 1822 ἱ
1349 1763 1466 1822 CH.
1499 1763 1695 1840 (asido
1722 1768 1778 1819 to
1807 1761 2125 1838 DEMIPHO)
2160 1747 2233 1820 in
2261 1762 2324 1821 id
2354 1761 2625 1821 redactus
2654 1766 2785 1821 sum

1241 1860 1358 1918 loci

437 1958 556 2017 980
756 1959 839 2017 Vt
867 1957 1028 2033 quid
1077 1975 1250 2034 agam
1297 1905 1436 2016 cu’m
1485 1958 1588 2017 illo
1633 1957 1896 2016 nesciam
1944 1975 2233 2032 prorsum.
2317 1959 2432 2017 DE.
2487 1958 2683 2037 (aside
2728 1967 2784 2016 to

1242 2056 1566 2135 CHREMES)
1606 2041 1739 2130 Ego
1769 2055 1929 2114 scio:

758 2155 831 2214 In
857 2155 945 2213 ius
987 2172 1208 2213 eamus,
1293 2156 1404 2212 ΡΗ.
1443 2153 1866 2232 (overheart'ng
1899 2152 2057 2228 him)
2096 2138 2168 2211 Ῐη
2210 2153 2299 2212 ius
2314 2155 2342 2213 ἓ
2386 2153 2519 2226 huc,
2550 2154 2598 2212 si
2639 2153 2783 2228 quid

1238 2251 1416 2310 lubet.
1509 2251 1741 2329 (Starts
1769 2251 2031 2308 towards
2060 2251 2403 2309 CHREMEs’s
2428 2251 2658 2328 house.)

611 2351 727 2408 CH.
768 2350 856 2429 (to
887 2349 1206 2428 DEM1PHO)
1244 2349 1608 2424 Adsequere,
1639 2348 1847 2420 retine,
1877 2347 2021 2406 dum
2052 2365 2165 2424 ego
2193 2349 2309 2406 huc
2338 2354 2541 2407 seruos
2568 2351 2779 2409 eu0c0.

1247 2447 1476 2526 (Starts
1518 2447 1780 2504 towards
1825 2447 2167 2505 Dssmpno’s
2212 2447 2407 2505 house.
2492 2447 2781 2506 DEM1PHO

1238 2545 1376 2603 tries
1403 2545 1467 2602 in
1496 2545 1641 2603 vain
1672 2551 1728 2601 to
1754 2543 1902 2601 hold
1922 2545 2206 2601 Pnommo
2234 2542 2429 2620 back.)

610 2642 726 2700 DE.
763 2641 938 2721 (calle
967 2642 1260 2701 CHREMES
1295 2640 1472 2720 back)
1511 2642 1687 2700 Enim
1729 2643 1966 2715 nequeo
2007 2642 2201 2699 solus:
2246 2641 2513 2702 adcurre.
2590 2642 2779 2721 (Both
2886 2672 2945 2716 90

1233 2741 1338 2798 old
1386 2757 1516 2797 men
1572 2741 1668 2814 lay
1715 2740 1913 2798 hands
1968 2757 2045 2796 on
2104 2739 2437 2816 PHORMIO.)
2530 2742 2639 2800 ΡΗ.
2692 2740 2781 2819 (to

1235 2835 1554 2914 D-EMIPHO)
1591 2838 1724 2895 Vna
1750 2837 2015 2894 iniuriast

752 2938 1000 2994 Tecum.
1085 2937 1201 2994 DE.
1240 2936 1330 3013 (to
1362 2934 1676 3012 PHORMIO)
1715 2937 1876 3011 Lege
1919 2935 2080 3009 agito
2121 2953 2279 3010 ergo.
2365 2937 2476 2993 ΡΗ.
2520 2925 2778 2994 Alterast

1235 3037 1453 3106 tecum,
1485 3033 1789 3092 Chremes,

432 3129 550 3188 985
609 3131 724 3190 Cn.
762 3129 850 3208 (to
880 3131 1200 3211 DEMlpHo)
1231 3133 1403 3207 Rape
1433 3132 1608 3189 hunc.
1691 3131 1884 3209 (They
1909 3132 2065 3205 drag
2086 3129 2208 3188 him
2238 3129 2461 3207 along.)
2543 3133 2652 3190 ΡΗ.
2682 3131 2777 3191 Sic

1233 3229 1445 3304 agitis?
1484 3227 1645 3286 enim
1672 3245 1817 3286 uero
1844 3229 2053 3286 uocest
2082 3245 2267 3302 opus:
2356 3241 2369 3249 ”

759 3326 931 3405 (calle
972 3324 1104 3404 out)
1142 3327 1525 3400 Nausistrata,
1555 3327 1652 3384 exi
1679 3326 1693 3382 Ξ
1754 3327 1870 3386 CH.
1910 3328 1999 3404 (to
2043 3327 2351 3400 DEMIPHO,
2381 3346 2450 3384 as
2492 3328 2777 3386 Pnonmo

1229 3425 1507 3500 struggles
1533 3423 1831 3502 violently)
1872 3426 1957 3484 Os
1987 3427 2259 3500 Opprime
2287 3425 2561 3500 inpurum
2586 3447 2598 3482 :
2636 3424 2775 3483 uide

751 3521 1057 3596 Quantum
1082 3521 1259 3581 ualet.
1331 3523 1438 3580 ΡΗ.
1473 3523 1647 3600 (calls
1676 3520 1886 3598 again)
1920 3523 2303 3595 Nausistrata,
2324 3523 2567 3597 inquam
2592 3525 2606 3582 l
2659 3523 2774 3580 DE.

1229 3619 1371 3678 Non
1399 3628 1559 3678 taces
1575 3621 1603 3677 Ρ
