3259 4134
357 317 427 366 iii.
431 329 476 384 5.
479 317 593 382 3ο.]
1433 315 1795 364 PHORMIO.
2803 319 2867 368 33

678 481 760 555 Vt
786 515 980 571 neque
1010 494 1414 555 misericordia
1439 512 1639 571 neque
1666 494 1943 570 precibus
1972 496 2181 554 molliri
2210 513 2392 571 queas
2419 499 2431 554 !

533 597 652 654 Do.
689 592 1068 673 (mockingly)
1106 583 1326 652 Adeon
1355 602 1416 651 te
1444 610 1571 651 esse
1609 592 2037 668 incogitantem
2078 602 2255 668 atque
2297 592 2706 669 inpudentem,

1165 689 1472 763 Phaedria,

362 815 412 863 ις
680 773 760 846 Vt
789 788 1103 863 phaleratis
1132 786 1316 846 ducas
1347 787 1522 846 dictis
1551 806 1648 845 me
1678 789 1739 846 et
1767 805 1962 846 meam
1991 787 2201 847 ductes
2228 787 2465 864 gratiis,
2453 791 2465 832 ἵ
2748 788 2867 848 500

536 889 652 945 ΑΝ.
690 886 885 965 (astde
925 894 982 943 to
1023 885 1224 962 GETA)
1275 885 1685 944 Miseritumst.
1771 888 1882 945 ΡΗ.
1926 886 2016 964 (to
2056 885 2328 961 himself)
2378 887 2469 959 Ei,
2510 887 2706 946 uerbis

1161 983 1408 1041 uincor!
1492 984 1607 1042 GE.
1647 983 1843 1060 (aside
1884 991 1942 1042 to
1982 983 2288 1060 ANTIPHO)
2326 983 2521 1058 Quem
2550 993 2703 1042 uter-

1163 1099 1280 1155 que
1309 1089 1397 1138 est
1427 1079 1630 1138 similis
1658 1081 1785 1139 sui!

544 1181 656 1238 ΡΗ.
693 1179 906 1257 (sadly‚
935 1187 992 1236 to
1017 1177 1288 1254 himself)
1319 1179 1519 1252 Atque
1548 1167 1821 1253 Antipho
1850 1177 1963 1236 alia
1989 1196 2174 1253 quom
2202 1182 2524 1253 occupatus
2553 1181 2709 1238 esset

1163 1275 1581 1348 sollicitudine,

679 1375 835 1432 Tum
863 1373 980 1432 hoc
1007 1375 1136 1432 esse
1176 1373 1259 1431 mi
1299 1373 1603 1432 obiectum
1646 1373 1906 1432 malum!
1987 1375 2102 1432 AN.
2142 1373 2406 1452 (coming
2422 1373 2719 1447 fomard

1159 1471 1304 1530 with
1335 1470 1535 1548 GETA)
1577 1469 1740 1546 Quid
1769 1470 1919 1530 istuc
1946 1482 2037 1531 est
2066 1481 2284 1542 autem,
2318 1471 2647 1529 Phaedria?

544 1571 654 1628 ΡΗ.
685 1552 742 1628 Ο
788 1569 1261 1627 fortunatissume
1308 1568 1592 1644 Antipho.
1676 1571 1791 1626 AN.
1842 1546 2052 1645 Egone
2067 1570 2095 1627 ἶ
2177 1570 2289 1628 ΡΗ.
2341 1569 2499 1642 Quoi
2547 1567 2710 1643 quod

1165 1667 1328 1724 ames
1356 1665 1595 1738 domist,

688 1765 900 1838 Neque
936 1781 1074 1821 cum
1115 1763 1286 1820 huius
1329 1763 1495 1821 modi
1533 1764 1844 1841 (poi‘nttng
1880 1772 1936 1821 to
1978 1762 2211 1841 Domo)
2251 1782 2533 1839 umquam
2574 1767 2710 1822 usus
2752 1762 2871 1821 505

637 1921 640 1926 ,
1166 1861 1329 1919 uenit
1359 1863 1422 1919 iit
1451 1861 1823 1920 conflictares
1851 1861 2028 1919 malo,

539 1961 654 2017 AN.
685 1958 878 2017 Mihin
906 1958 1170 2017 domist?
1209 1958 1413 2032 imme,
1442 1957 1503 2017 id
1531 1957 1695 2034 quod
1724 1959 1907 2031 aiunt,
1938 1959 2175 2017 auribus
2204 1962 2381 2017 teneo
2410 1959 2650 2033 lupum:

689 2055 882 2134 [Nam
910 2073 1106 2131 neque
1147 2073 1268 2130 quo
1311 2065 1490 2131 pacto
1531 2075 1567 2114 a
1609 2075 1705 2115 me
1747 2056 2018 2114 amittam
2058 2072 2255 2131 neque
2297 2056 2383 2115 uti
2423 2056 2711 2114 retineam

1165 2151 1343 2231 scio.]

537 2253 656 2310 Do,
687 2236 892 2325 ipsum
921 2251 1074 2310 istuc
1100 2251 1181 2308 mi
1209 2251 1272 2309 in
1299 2250 1416 2309 hoc
1447 2260 1554 2309 est.
1636 2253 1753 2310 AN.
1790 2252 1879 2328 (to
1908 2250 2141 2329 Domo)
2180 2250 2360 2324 Heia,
2387 2253 2464 2311 ne
2502 2270 2711 2328 parum

1166 2349 1304 2408 leno
1333 2348 1466 2407 sies.

691 2445 780 2524 (to
824 2447 1152 2519 PHAEDRIA,
1183 2447 1464 2522 pointing
1499 2454 1556 2504 to
1600 2445 1834 2523 Domo)
1882 2448 2045 2505 Num
2086 2446 2232 2521 quid
2273 2445 2371 2504 hic
2414 2447 2715 2505 confecit?

1166 2546 1276 2602 ΡΗ.
1321 2543 1585 2602 Hicine?
1625 2543 1789 2619 qued
1817 2543 1997 2602 homo
2027 2543 2597 2603 inhumanissumus:

356 2667 414 2716 25
681 2641 1052 2718 Pamphilam
1107 2659 1305 2700 meam
1360 2639 1650 2700 uendidit.
1748 2643 1861 2700 ΑΝ.
1926 2640 2131 2716 Quid?
2191 2641 2506 2700 uendidit?
2594 2643 2708 2701 GE.
2752 2640 2871 2700 510

1163 2739 1320 2797 Ain?
1358 2737 1673 2800 uendidit?

544 2838 656 2895 ΡΗ.
680 2835 985 2896 Vendidit.
1064 2838 1182 2895 Do,
1215 2835 1586 2915 (ironicaliy)
1619 2836 1817 2910 Quam
1840 2835 2149 2912 indignum
2171 2837 2414 2910 facinuS,
2438 2837 2711 2896 ancillam

1163 2951 1300 2993 aere
1331 2937 1595 3009 emptam
1625 2953 1763 2992 meo
1790 2937 1802 2993 Ξ
2702 2920 2707 2925 ’

541 3032 651 3090 ΡΗ.
683 3032 937 3106 Nequeo
966 3049 1208 3090 exorare
1237 3035 1300 3090 ut
1330 3049 1427 3090 me
1460 3042 1697 3090 maneat
1726 3033 1787 3090 et
1815 3050 1953 3090 cum
1983 3031 2083 3090 illo
2110 3040 2175 3090 ut
2203 3034 2391 3091 mutet
2418 3030 2601 3090 fidem

677 3127 968 3188 Triduom
994 3129 1132 3203 hoc,
1160 3129 1305 3188 dum
1335 3128 1397 3188 id
1427 3130 1592 3205 quod
1623 3140 1713 3189 est
1740 3128 2095 3206 promissum
2135 3130 2214 3189 ab
2253 3130 2459 3189 amicis
2502 3147 2705 3206 argen-

1162 3235 1287 3285 tum
1315 3228 1537 3287 aufero.

687 3322 776 3400 (to
817 3322 1051 3401 Domo)
1088 3326 1148 3385 Si
1188 3342 1310 3384 non
1352 3333 1478 3383 tum
1525 3322 1771 3399 deder0,
1800 3328 1980 3385 unam
2025 3335 2333 3402 praeterea
2378 3325 2585 3385 horam
2630 3343 2707 3384 ne

1157 3425 1441 3498 oppertus
1470 3423 1602 3482 sies,
1666 3453 1712 3476 ι.

361 3541 416 3591 30
532 3518 650 3580 Do.
681 3501 1039 3580 Obtundes?
1115 3523 1229 3580 AN.
1268 3520 1356 3599 (to
1392 3519 1626 3600 Domo)
1663 3520 1847 3580 Haud
1888 3521 2185 3600 longumst
2226 3519 2289 3578 id
2330 3518 2494 3598 quod
2537 3523 2701 3580 orat:
2745 3517 2865 3579 515

1157 3618 1360 3678 exoret
1387 3617 1532 3679 sine.
