3259 4134
423 275 490 328 28

421 749 540 808 455

420 1235 540 1294 460

421 1722 541 1782 465

421 2210 542 2270 470

422 2795 500 2854 47
504 2793 543 2852 5

422 3280 542 3340 480

1170 275 1328 326 HEA
1345 275 1554 326 VToN
1600 275 1847 326 TJMOR
1862 275 2179 327 VMENOS.
2684 263 2939 342 ἶ[ι·ῑ·ι.ι.74.

746 457 1036 517 Oneratas
1063 466 1230 517 ueste
1259 466 1437 532 atque
1467 460 1647 518 auro:
1696 465 1931 533 satrapa
1962 460 2010 516 si
2038 455 2149 516 siet
2203 445 2207 450 ¹

745 556 1008 627 Ametor,
1035 572 1358 629 numquam
1387 554 1621 614 sufferre
1653 555 1777 613 eius
1804 555 2074 630 sumptus
2100 563 2318 630 queat3
2372 607 2393 614 ..
2506 593 2511 595 -
2616 593 2625 598 -
2684 549 2691 554 ’
2716 582 2723 586 ·

746 651 989 711 Nedum
1013 661 1075 710 tu
1097 651 1305 728 possiS.
1361 653 1486 710 ΜΕ.
1519 643 1781 729 (ηιιῚὶίζγ)
1814 637 1999 710 Estne
2022 669 2096 710 ea
2112 651 2271 710 intus
2287 653 2315 710 Ρ
2368 651 2486 711 CH.
2516 652 2601 711 Sit
2622 669 2795 728 rogas
2811 653 2839 710 ?
2878 677 2933 724 45

753 747 1119 827 (ironicalhae)
1159 750 1340 808 Sensi.
1426 766 1566 807 nam
1593 766 1773 807 unam
1802 751 1859 807 ei·
1886 751 2099 808 cenam
2129 758 2305 824 atque
2334 748 2461 807 eius
2488 739 2809 808 ceinitibus

745 846 943 921 Dedi,
931 867 942 880 ·
987 846 1151 922 quod
1183 847 1231 905 si
1260 847 1474 905 iterum
1503 846 1647 905 mihi
1674 847 1750 906 sit
1776 843 1994 919 danda,
2024 849 2223 904 actum
2250 846 2382 905 siet.

746 945 904 1002 Nam
932 953 998 1003 ut
1025 944 1136 1002 alia
1165 945 1456 1017 omittam,
1485 942 1833 1021 pytissando
1860 943 2047 1003 medo
2074 943 2221 1002 mihi

742 1040 904 1116 Quid
932 1041 1055 1100 uini
1083 1041 1411 1116 absumpsit
1435 1037 1874 1116 (memmtckmg)
1888 1042 1973 1098 sic
1988 1037 2141 1097 hoc’
2170 1038 2415 1112 dicens3
2460 1039 2786 1112 ‘asperum,

744 1140 938 1210 Pater,
971 1139 1088 1198 hec
1117 1148 1242 1197 est:
1287 1136 1446 1197 aliud
1473 1138 1663 1197 lenius
1692 1137 1871 1196 sodes
1896 1136 2070 1195 u'ide’
2098 1139 2111 1196 1
2386 1175 2389 1178 -
2880 1159 2939 1208 50

744 1236 957 1295 Releui
985 1236 1146 1295 dolia
1172 1235 1390 1308 emnia,
1420 1235 1613 1294 omnis
1643 1235 1843 1293 serias.

743 1334 956 1394 Omnis
983 1333 1263 1393 sollicitos
1291 1333 1512 1405 habuit,
1541 1342 1721 1407 atque
1684 1309 1897 1390 *haec
1926 1335 2044 1390 una
2070 1349 2206 1389 nox.

745 1431 908 1505 Quid
937 1433 996 1490 te
1027 1431 1282 1490 futurum
1311 1432 1537 1502 censeS,
1568 1447 1747 1504 quem
1776 1427 2025 1487 adsidue
2052 1427 2352 1486 exedent?

743 1529 841 1588 Sic
869 1531 964 1587 me
994 1528 1059 1587 di
1085 1528 1383 1601 amabunt,
1415 1530 1480 1586 ut
1507 1545 1604 1594 me
1633 1536 1863 1585 tuarum
1893 1527 2289 1597 miseritumst,

746 1624 1127 1698 Menedeme,
1157 1626 1542 1684 fortunarum.
1625 1626 1753 1683 ΜΕ.
1798 1623 2001 1681 Faciat
2028 1621 2371 1698 quidlubet.
2882 1645 2935 1694 55

745 1725 948 1782 Sumat
977 1733 1286 1782 consumat
1314 1723 1544 1798 perdat,
1575 1722 1939 1781 decretumst
1967 1720 2111 1796 pati,
2738 1749 2741 1752 ⁴

745 1823 907 1881 Dum
929 1822 1092 1879 illum
1115 1820 1298 1879 modo
1315 1820 1569 1880 habeam
1589 1822 1847 1878 mecum.
1904 1819 2019 1877 CH.
2053 1816 2404 1895 (earne-etha)
2435 1816 2496 1876 Si
2516 1817 2805 1874 certumst
2827 1815 2939 1874 tibi

745 1919 841 1978 Sic
872 1919 1085 1992 facere,
1117 1917 1259 1976 illud
1288 1917 1595 1994 permagni
1621 1935 1687 1975 re
1716 1917 1866 1974 ferre
1894 1915 2161 1987 arbitror,

741 2017 822 2074 Vt
849 2018 924 2074 ne
956 2016 1241 2074 scientem
1271 2015 1483 2074 sentiat
1511 2024 1572 2073 te
1599 2013 1664 2073 id
1694 2012 1804 2074 sibi
1832 2012 1993 2072 dare.

585 2115 712 2173 ΜΕ.
748 2114 908 2188 Quid
938 2113 1151 2171 faciam
1166 2115 1195 2172 Ρ
1275 2113 1392 2172 CH.
1437 2112 1691 2186 Quiduis
1718 2111 1918 2187 petius
1946 2128 2127 2186 quam
2155 2109 2319 2185 quod
2350 2108 2609 2184 cogitas:
2880 2121 2940 2165 60

746 2212 858 2269 Per
885 2211 1063 2269 alium
1091 2210 1363 2286 quemuis
1391 2213 1458 2268 ut
1485 2208 1612 2282 des,
1643 2209 1761 2267 falli
1788 2211 1847 2266 te
1878 2209 2033 2266 sinas

744 2308 1027 2368 Techinis
1068 2326 1176 2383 per
1215 2307 1512 2367 seruolum
1532 2327 1551 2380 3
1611 2307 1953 2385 (assuming
1978 2324 2019 2362 a
2052 2305 2335 2378 knowing
2358 2301 2484 2380 air)
2524 2302 2633 2361 etsi
2666 2301 2941 2360 subsensi

1185 2405 1248 2464 id
1276 2423 1533 2481 quoque,

746 2503 888 2562 Illes
914 2503 997 2563 ibi
1026 2521 1173 2576 esse,
1202 2502 1266 2561 id
1294 2505 1468 2578 agere
1497 2502 1651 2561 inter
1678 2520 1741 2560 se
1771 2500 2121 2560 clunculum.

747 2603 920 2676 Syrus
948 2619 1086 2658 cum
1115 2601 1213 2660 1110
1241 2611 1442 2659 uostro
1471 2604 1907 2672 censusurrant,
1936 2598 2251 2657 censerunt

747 2698 1009 2758 Consilia
1033 2697 1112 2756 ad
1139 2698 1535 2757 adulescentis
1555 2718 1573 2771 3
1617 2707 1679 2756 et
1706 2695 1814 2756 tibi
1841 2695 2093 2772 perdere
2879 2705 2940 2766 65

744 2797 1058 2854 Talentum
1087 2795 1203 2854 hoc
1230 2805 1411 2871 pacto
1439 2795 1618 2854 satius
1648 2803 1738 2853 est
1764 2812 1944 2869 quam
1973 2793 2076 2851 ille
2104 2792 2345 2850 minam.

747 2894 805 2951 N
808 2911 888 2951 on
915 2896 1072 2951 nunc
1100 2892 1356 2968 pecunia
1382 2893 1590 2967 agitur,
1619 2890 1729 2950 sed
1755 2889 1900 2949 illud
1928 2876 2050 2965 que
2081 2889 2266 2948 modo
2364 2961 2372 2966 .

747 2991 1022 3050 Minume
1050 2990 1275 3065 periclo
1304 2989 1367 3058 id
1395 2989 1607 3048 demus
1636 2988 2100 3047 adulescentum.

748 3089 905 3147 Nam
935 3091 984 3146 si
1011 3089 1196 3146 semel
1224 3097 1392 3146 tuom
1420 3087 1687 3145 animum
1716 3085 1813 3144 ille
1840 3084 2211 3157 intellexerit,

747 3186 910 3243 Prius
938 3185 1306 3261 proditurum
1336 3187 1394 3243 te
1424 3193 1586 3242 tuam
1613 3184 1799 3242 uitam
1827 3185 1887 3241 et
1914 3183 2073 3258 prius
2882 3202 2945 3250 ⁷0

746 3283 1069 3341 Pecuniam
1099 3300 1358 3355 omnem,
1390 3301 1568 3358 quam
1598 3282 1705 3340 abs
1733 3290 1791 3339 te
1822 3280 2057 3338 amittas
2084 3278 2309 3337 silium:
2354 3275 2473 3350 hui,

749 3380 1049 3454 Quantam
1077 3380 1393 3438 fenestram
1422 3379 1499 3438 ad
1527 3377 1853 3453 nequitiem
1880 3376 2251 3453 patefeceris,

742 3477 881 3536 Tibi
910 3479 1110 3535 autem
1139 3495 1318 3552 porro
1345 3486 1411 3534 ut
1440 3480 1560 3536 nen
1589 3476 1664 3534 sit
1692 3493 1872 3534 suaue
1900 3477 2101 3532 uiuere
2128 3476 2143 3532 i

747 3575 906 3633 Nam
933 3572 1258 3634 deteriores
1288 3578 1497 3633 Omnes
1525 3590 1725 3632 sumus
1753 3572 2007 3630 licentia.
