3259 4134
547 281 592 328 V
613 293 658 344 7,
682 281 862 344 16-253
906 278 952 338 8,
977 278 1145 343 1—10.]
1395 277 1795 342 ADELPHQE.
2583 276 2645 327 51

733 431 738 436 ’
789 446 919 521 Ego
947 442 1178 519 lepidus
1207 443 1343 501 ineo
1370 443 1636 518 gratiam.
1721 442 1855 500 iube
1884 441 2163 500 nt'mciam

787 542 1139 600 Dinfimeret
1167 540 1262 598 ille
1291 540 1514 616 Babylo
1545 538 1752 616 uiginti
1778 539 1986 599 minas.
2526 557 2638 617 915

795 641 970 718 (calls
1005 648 1062 698 to
1103 637 1320 716 SYRVS)
1358 639 1516 716 Syre,
1549 640 1745 697 cessas
1788 638 1870 696 ire
1912 656 1984 695 ac
2027 637 2261 695 facere?
2342 639 2437 696 Sv.
2481 636 2642 711 Quid

1425 737 1584 813 ego?
1667 738 1783 794 DE.
1827 737 2029 794 Dirue.
2119 734 2342 814 (SYRvs
2358 756 2492 812 goes
2520 739 2643 795 into

1428 834 1521 892 the
1549 833 1783 911 house.)

795 933 884 1008 (to
913 928 1113 1008 GETA)
1143 933 1237 990 Tu
1264 930 1389 990 iuss
1417 931 1514 989 abi
1544 941 1603 989 et
1633 930 1898 989 tradfice.
1982 931 2096 990 GE.
2140 931 2221 988 Di
2242 929 2367 1003 tibi,
2392 930 2641 1002 Demea,

545 1046 598 1085 2⁰
786 1030 946 1087 Bene
978 1029 1213 1099 faciant,
1243 1047 1426 1103 quom
1457 1037 1514 1087 te
1544 1027 1724 1086 uideo
1752 1037 1986 1086 nostrae
2016 1028 2266 1087 familiae

783 1128 935 1184 Tam
966 1145 1040 1184 ex
1066 1127 1265 1185 Animo
1295 1127 1515 1184 factum
1544 1126 1716 1184 uelle.
1801 1127 1915 1183 DE.
1960 1124 2187 1202 Dignos
2216 1125 2480 1185 irrbitror⁸
2530 1191 2534 1196 ,

795 1224 883 1301 (to
900 1223 1269 1300 AEscfflst)
1298 1223 1459 1298 Quid
1482 1226 1544 1281 ὲὺ
1567 1224 1695 1281 ais?
1748 1225 1857 1281 ΑΕ.
1887 1223 1981 1281 Sic
2004 1226 2231 1298 opinor.
2304 1224 2417 1281 DE.
2450 1222 2643 1281 Multo

1427 1320 1671 1379 rectiust
1721 1320 1925 1395 (GETA
1957 1339 2091 1395 goes
2131 1321 2255 1379 into
2294 1321 2643 1380 SOSTRATA’S

1425 1415 1636 1495 house)
2524 1436 2643 1494 920

787 1515 982 1589 Quam
1011 1515 1166 1572 indm
1195 1532 1548 1590 puerperam
1579 1514 1697 1573 hfic
1727 1533 1885 1572 nunc
1915 1513 2054 1573 duci
2084 1517 2191 1590 per
2217 1515 2376 1573 uiam

783 1615 1120 1688 Aegrotam.
1204 1614 1313 1670 AE.
1359 1613 1415 1671 N
1420 1613 1458 1670 il
1488 1613 1647 1670 enim
1677 1611 1800 1670 uidi
1829 1612 2055 1685 meliuS,
2086 1615 2169 1670 mi
2195 1620 2381 1687 pater.

544 1727 593 1766 25
621 1713 736 1771 DE.
780 1710 876 1771 Sic
917 1710 1100 1770 soleo.
1192 1710 1339 1788 (sees
1382 1711 1570 1769 Mrcro
1613 1712 1846 1785 coming
1882 1709 2012 1786 out)
2050 1709 2157 1770 sed
2198 1728 2410 1770 eccum
2454 1709 2639 1770 Micio

1428 1806 1729 1884 egreditar
1758 1808 1931 1867 foras·

1123 2058 1318 2115 Enter
1345 2059 1533 2116 M1C10
1543 2057 1715 2132 from
1747 2058 1840 2116 the
1866 2059 2065 2116 house.

680 2224 887 2294 Mrcro,
932 2223 1156 2280 DEMEA
1206 2222 1426 2298 (SENES
1467 2221 1567 2298 11).
1651 2223 1990 2281 Assscnmvs
2042 2220 2515 2299 (Anvrssscms).

543 2390 599 2445 V
637 2389 744 2446 M1.
796 2389 890 2466 (in
918 2389 1180 2463 surprise
1209 2406 1279 2444 as
1306 2387 1377 2444 lte
1404 2405 1586 2444 comes
1615 2385 1745 2462 out)
1786 2387 1961 2446 Iubet
1988 2387 2204 2445 frater?
2282 2385 2385 2445 ubi
2425 2385 2473 2445 is
2516 2388 2648 2445 est?

545 2488 581 2543 8
1436 2483 1659 2562 (seeing
1696 2482 1950 2561 ΒΕΜΕΑ)
2002 2487 2107 2542 ῐύῐι
2148 2483 2317 2542 iubes
2358 2484 2492 2555 hoe,
2523 2485 2644 2543 De-

1429 2582 1605 2639 mea?

627 2681 740 2738 DE.
786 2681 916 2760 Ego
946 2681 1088 2736 uero
1118 2678 1294 2737 iubeo
1324 2688 1384 2736 et
1412 2677 1524 2736 hac
1553 2697 1614 2736 re
1646 2687 1707 2737 et
1734 2679 1859 2737 aliis
1888 2680 2162 2738 omnibus
2525 2696 2638 2756 925

785 2777 982 2854 Quam
1012 2778 1288 2834 mhxume
1318 2795 1495 2833 unam
1525 2776 1718 2834 facere
1747 2794 1856 2834 nos
1886 2776 2038 2834 hanc
2067 2776 2367 2848 familiam,

784 2874 997 2933 Colere
1027 2872 1305 2931 adiuuare
1335 2871 1675 2948 adit'mgere.
1758 2875 1867 2931 ΑΕ.
1912 2875 2005 2930 Ita
2032 2877 2273 2948 quaeso,
2304 2880 2491 2949 pater.

569 2988 593 3026 5
629 2973 735 3030 M1.
783 2969 966 3029 Haud
1001 2971 1167 3028 Aliter
1186 2988 1424 3029 cense0.
1509 2972 1625 3028 DE.
1673 2955 1870 3029 immo
1899 2970 2094 3029 hercle
2124 2972 2207 3029 ita
2234 2971 2405 3031 nobis
2425 2970 2639 3030 decet:

786 3069 1044 3126 Primum
1073 3068 1242 3126 huius
1271 3067 1492 3125 uxorist
1520 3069 1727 3126 mater.
1811 3069 1918 3125 M1.
1965 3070 2090 3127 Est.
2174 3068 2318 3144 quid
2347 3070 2598 3144 postea?

625 3167 740 3224 DE.
785 3166 978 3224 Proba
1035 3167 1096 3224 et
1151 3163 1441 3224 modesta.
1528 3166 1637 3223 Mr.
1684 3166 1778 3222 Ita
1831 3165 2011 3224 diunt.
2096 3167 2212 3225 DE.
2258 3167 2419 3225 Natu
2471 3168 2639 3240 grau-

1428 3260 1577 3320 dior.
2522 3282 2642 3340 930

626 3361 732 3419 M1.
779 3361 933 3420 Scio.
1019 3362 1134 3419 DE.
1182 3361 1388 3418 Parere
1419 3360 1534 3418 iam
1565 3359 1667 3417 diu
1698 3358 1846 3417 haec
1877 3378 1984 3434 per
2011 3379 2197 3419 annos
2225 3364 2347 3419 non
2375 3371 2590 3437 potest,

785 3459 918 3516 Nec
935 3457 1036 3533 qui
1055 3461 1187 3516 edim
1205 3457 1481 3532 respiciat
1502 3460 1813 3532 quisquam
1835 3467 1925 3516 est
1945 3478 1961 3530 3
2006 3458 2201 3517 solast.
2274 3459 2381 3517 M1.
2408 3459 2632 3536 (aside)

1427 3555 1623 3628 Quam
1654 3554 1750 3612 hic
1779 3573 1903 3612 rem
1932 3555 2093 3630 agit?

544 3667 594 3706 10
626 3651 741 3710 DE.
786 3653 965 3710 Hanc
995 3661 1053 3710 te
1083 3653 1394 3727 aequomst
1421 3651 1659 3723 ducere,
1691 3653 1752 3710 et
1789 3651 2071 3728 (turning
2093 3661 2148 3710 to
2176 3652 2542 3731 AESCHIst)
2580 3662 2638 3714 te

1423 3767 1669 3825 operam
1698 3759 1763 3808 ut
1790 3750 1891 3807 fiat
1919 3749 2079 3809 dare.
