3259 4134
407 313 621 382 ii.2.38.]
747 363 764 374 ,

410 524 464 573 1⁵

410 1406 470 1439 20

410 2285 466 2334 25

541 2357 712 2418 ΟΜΝ.

541 2552 635 2611 SY.

549 2941 642 3001 SY.

413 3355 468 3404 35

1160 316 1318 365 HEA
1335 315 1385 365 V
1386 316 1438 366 T
1439 316 1547 365 ΟΝ
1591 316 1643 364 T
1636 317 1739 364 JM
1740 317 1831 364 OR
1845 317 2069 366 VMEN
2067 317 2166 367 OS.
2855 317 2919 369 19

743 497 986 577 (Seeing
1029 497 1123 556 the
1171 504 1288 557 two
1331 515 1534 574 young
1584 494 1749 574 men)
1806 494 1924 556 Sed
1973 513 2150 556 eccos
2200 496 2379 557 uideo
2426 501 2577 573 quos
2622 497 2917 559 volebam.

1174 596 1344 655 CLIN.
1399 593 1848 674 (soliloquizing,
1876 596 2009 652 and
2046 595 2517 672 apostrophizing
2550 594 2907 674 ANTIPHILA)

1176 693 1232 753 Ο
1263 691 1550 768 Iuppiter,
1580 691 1684 752 ubi
1710 694 1905 752 natust
1934 691 2125 752 fides?

733 792 896 850 Dum
924 807 1036 866 ego
1064 793 1309 866 propter
1336 799 1394 850 te
1425 808 1622 849 errans
1652 789 1840 866 patria
1868 809 2044 849 careo
2074 789 2339 864 demenS,
2370 798 2433 849 tu
2461 790 2687 850 interea
2720 791 2837 851 loci

731 889 1236 970 Conlocupletasti
1264 898 1343 962 te,
1373 878 1700 965 Antiphila,
1732 897 1793 947 et
1822 906 1919 946 me
1948 887 2009 946 in
2037 888 2126 946 his
2154 888 2463 948 deseruisti
2492 889 2676 962 maliS,

733 989 980 1064 Propter
1019 1005 1199 1062 quam
1241 985 1302 1044 in
1344 1003 1575 1044 summa
1617 984 1859 1044 ianmia
1899 1003 2030 1044 sum
2074 994 2135 1045 et
2180 989 2316 1046 meo
2356 985 2510 1070 patri
2552 986 2745 1045 minus
2788 1006 2917 1046 sum

1176 1084 1322 1143 ohse
1365 1101 1546 1142 nens:

733 1181 962 1260 Quoius
1009 1184 1168 1240 m'mc
1215 1102 1403 1257 pudfflt
1450 1199 1550 1239 me
1599 1189 1661 1240 et
1706 1183 1962 1254 miseret,
2007 1180 2109 1256 qui
2155 1181 2360 1240 harum
2405 1185 2599 1241 mores
2643 1183 2920 1242 cantabat

855 1335 860 1340 .
1173 1278 1336 1351 mihi,
2798 1279 2919 1339 260

737 1379 1044 1437 Monuisse
1087 1375 1296 1436 frustra
1336 1377 1530 1451 neque
1571 1393 1710 1434 eum
1750 1374 2013 1451 potuisse
2042 1379 2323 1451 umquam
2352 1377 2429 1436 ab
2457 1377 2569 1435 hac
2598 1394 2694 1436 me
2723 1376 2917 1454 aspel-

1175 1473 1316 1534 lere.

734 1571 918 1649 Quod
959 1573 1160 1631 tamen
1200 1589 1358 1630 nunc
1401 1570 1655 1645 saciam3
1698 1573 1844 1643 tom,
1873 1588 2059 1646 quom
2099 1580 2329 1647 gratum
2372 1571 2515 1630 mihi
2548 1589 2676 1631 esse
2704 1571 2917 1648 potuit,

1175 1668 1356 1729 nolui.
2655 1669 2663 1676 '

735 1769 989 1828 Nemost
1033 1767 1301 1826 miserior
1343 1785 1459 1825 me.
1543 1767 1639 1827 SY.
1696 1766 1923 1846 (ast’de)
1979 1768 2101 1825 Hic
2146 1766 2225 1825 de
2271 1767 2483 1826 nostris
2526 1766 2719 1827 uerbis
2765 1778 2921 1827 errat

1174 1864 1474 1938 uidelicet,

738 1965 908 2040 Quae
951 1963 1048 2022 hic
1091 1966 1291 2022 sumus
1333 1962 1532 2021 locuti.
1613 1961 1703 2040 (to
1732 1963 1961 2035 cmm,
1992 1963 2257 2038 crossing
2292 1961 2461 2040 over)
2499 1961 2709 2036 Clinia,
2754 1963 2922 2022 aliter

1173 2063 1341 2119 tuom
1368 2077 1633 2118 amorem
1662 2068 1840 2134 atque
1870 2069 1975 2133 est,
2006 2060 2263 2135 accipis:

736 2160 896 2219 Nam
925 2167 986 2218 et
1011 2160 1187 2218 uitast
1215 2157 1428 2216 eadem
1458 2166 1519 2216 et
1544 2155 1777 2216 animus
1805 2166 1864 2216 te
1892 2175 2031 2234 erga
2058 2156 2219 2216 idem
2247 2161 2319 2216 ac
2348 2157 2472 2230 fuit,
2799 2157 2921 2216 265

738 2258 1042 2333 Quantum
1071 2258 1144 2315 ἐκ
1171 2255 1300 2332 ipsa
1325 2273 1388 2314 re
1419 2253 1823 2315 coniecturam
1852 2255 2117 2314 fecimus,

743 2354 1029 2434 (eagerly)
1069 2353 1230 2428 Quid
1274 2361 1382 2430 est,
1406 2353 1698 2413 Obsecro?
1737 2370 1873 2411 nam
1907 2352 2051 2411 mihi
2082 2371 2240 2411 nunc
2271 2351 2352 2410 nil
2379 2371 2572 2412 rerum
2602 2353 2921 2413 omniumst

733 2452 916 2528 Quod
947 2451 1146 2510 malim
1175 2469 1353 2526 quam
1384 2469 1480 2509 me
1510 2451 1627 2509 hoc
1658 2451 1802 2509 falso
1831 2450 2196 2526 suspicarier.

736 2552 877 2609 Hoc
906 2543 1183 2626 primum,
1211 2557 1276 2607 ut
1303 2566 1380 2607 ne
1410 2547 1554 2623 quid
1584 2548 1754 2606 huius
1783 2566 1977 2606 rerum
2006 2549 2241 2624 ignores
2266 2569 2277 2607 :
2322 2566 2487 2622 anus,

734 2649 906 2724 Quae
936 2656 1026 2706 est
1053 2646 1215 2705 dicta
1243 2655 1432 2704 mater
1459 2648 1586 2704 osse
1617 2645 1675 2704 ei
1703 2646 1973 2718 antehac,
2003 2649 2125 2705 non
2156 2645 2263 2704 fuit
2283 2666 2301 2720 ;
2452 2674 2463 2686 ·
2800 2645 2920 2705 270

739 2747 831 2804 Ea
857 2743 1006 2805 obiit
1034 2753 1309 2803 mortem.
1393 2743 1510 2802 hoc
1537 2746 1667 2819 ipsa
1696 2743 1757 2802 in
1784 2743 1993 2802 itinere
2021 2743 2237 2802 alterae

735 2844 898 2903 Dum
926 2844 1140 2915 narrat,
1170 2841 1320 2900 forte
1350 2839 1568 2900 audiui.
1655 2842 1819 2901 Cur.
1860 2842 2238 2919 (surprised)
2280 2842 2452 2916 Quae
2480 2851 2675 2901 namst
2701 2841 2923 2901 Altera?

749 2940 838 3020 (to
867 2938 1184 3017 CLmPHo)
1223 2940 1443 2998 Mane:
1487 2938 1604 2998 hoc
1633 2937 1799 3014 quod
1828 2940 2003 3015 coepi
2032 2943 2287 3014 primum
2312 2956 2597 3012 enarrem,
2620 2939 2880 3014 Clitipho
2905 2961 2917 2997 :

735 3040 876 3098 Post
903 3040 1052 3097 istuc
1079 3036 1336 3096 ueniam.
1393 3037 1559 3098 Cer.
1593 3035 2012 3115 (impatiently)
2052 3038 2329 3113 Propera.
2387 3038 2483 3096 SY.
2510 3035 2911 3116 (continuing)

1176 3136 1306 3193 Iam
1333 3133 1588 3211 primurn
1619 3134 1903 3208 omnium,

732 3231 851 3292 Vbi
876 3234 1121 3291 uentum
1149 3231 1228 3290 ad
1257 3230 1422 3291 aedis
1451 3233 1558 3305 est,
1591 3234 1822 3292 Dromo
1850 3231 2038 3308 pultat
2066 3232 2223 3291 sores
2242 3251 2268 3306 3·
2799 3229 2921 3292 275

737 3331 901 3390 Anus
929 3327 1224 3406 quaedam
1252 3328 1454 3406 prodit
1474 3349 1492 3404 ς
1536 3330 1685 3389 haec
1713 3329 1815 3390 ubi
1844 3329 2033 3406 aperit
2061 3330 2297 3404 ostium,

734 3427 1036 3489 Continuo
1064 3427 1162 3486 hic
1190 3446 1252 3487 se
1282 3427 1539 3487 coniecit
1567 3427 1740 3502 intro,
1771 3446 1883 3504 ego
1913 3431 2283 3504 consequor3

734 3526 898 3585 Anus
926 3525 1148 3586 foribus
1177 3525 1345 3586 obdit
1373 3525 1691 3602 pessulum,
1723 3526 1800 3585 ad
1827 3526 2021 3584 lanam
2049 3525 2223 3586 redit.

738 3623 862 3683 Hic
890 3623 1023 3684 sciri
1050 3623 1244 3701 potuit
1271 3627 1374 3683 aut
1400 3642 1691 3700 nusquam
1718 3622 1875 3697 alibi,
1906 3623 2115 3698 Clinia,
