3259 4134
515 293 587 342 IV
610 305 656 356 3,
685 292 864 352 11-183
907 305 956 354 4,
986 292 1154 356 1-13,]
1357 291 1759 346 ADELPHOE.
2546 289 2615 344 37

754 458 910 515 Nam
953 465 1015 515 et
1055 457 1135 514 ssli
1175 458 1263 515 ita
1295 457 1558 514 animum
1601 457 1719 515 iem
1762 456 2067 530 releuabiS,
2096 459 2247 532 quae
2290 455 2495 516 dolore
2537 474 2608 514 ac

1271 575 1276 580 ·
1393 555 1627 612 miseria

747 652 1045 724 Tabescit,
1075 661 1137 710 et
1175 661 1340 712 tuom
1383 651 1471 710 off
1471 652 1651 709 icium
1682 651 1856 710 fueris
1898 652 2147 711 stinctuS.
2229 651 2339 712 sed
2366 652 2415 711 si
2443 652 2610 711 aliter

1391 759 1582 826 putas,
2152 792 2157 802 ·

750 847 1014 923 Egomet
1045 847 1295 906 narrabo
1337 849 1488 922 quae
1532 847 1677 905 mihi
1718 845 1884 906 dixti.
1967 849 2077 907 M1.
2120 832 2317 906 1mmo
2346 865 2458 923 ego
2486 847 2605 906 ibo.

1392 946 1514 1004 HE.
1557 945 1722 1004 Bene
1750 945 1930 1004 facis:

655 1051 662 1060 ’
743 1043 992 1115 Omnes,
1039 1042 1250 1117 quibus
1297 1059 1390 1100 res
1445 1051 1580 1100 sunt
1622 1044 1816 1100 minus
1866 1041 2182 1116 secundae,
2232 1042 2418 1120 mAgis
2473 1052 2607 1101 sunt

1385 1140 1589 1198 nescio
1617 1143 1739 1215 qud
1767 1138 1951 1198 modo
2489 1143 2600 1216 605

505 1251 556 1292 ιο
742 1237 1063 1312 Suspiciosi
1084 1257 1102 1311 3
1143 1236 1224 1295 ad
1251 1237 1671 1296 contumeliam
1700 1237 1901 1298 Omnia
1926 1237 2227 1313 accipismt
2252 1237 2438 1314 magis
2459 1258 2478 1310 3

746 1336 996 1410 Propter
1021 1352 1189 1392 suam
1216 1335 1606 1410 inpotentiam
1636 1353 1699 1393 se
1726 1337 1965 1410 semper
1991 1334 2240 1415 credunt
2267 1333 2475 1394 lt'rdier.

745 1433 1124 1508 Quapropter
1151 1441 1209 1492 te
1243 1433 1437 1508 ipsum
1465 1435 1713 1508 pt'lrgare
1742 1433 1853 1508 ipsi
1882 1435 2084 1491 odram
2126 1433 2467 1509 placabilius
2496 1443 2603 1491 est.

585 1530 691 1587 M1.
741 1530 819 1592 Et
861 1531 1021 1588 recte
1067 1538 1128 1587 et
1174 1547 1379 1592 uerum
1425 1528 1592 1589 dicis.
1695 1532 1816 1590 HE.
1859 1531 2115 1606 Sequere
2165 1548 2261 1589 me
2306 1532 2446 1606 ergo
2492 1530 2605 1589 hac

1384 1627 1559 1686 intro.
1600 1629 1709 1686 M1.
1781 1629 2081 1686 MAxume.
2159 1627 2351 1706 (Utey
2367 1647 2443 1703 go
2481 1628 2605 1686 into

1383 1725 1735 1784 Sosraan’s
1760 1725 1989 1800 house.)

927 1953 994 2010 E
995 1961 1128 2010 nter
1163 1955 1506 2011 AEscvas
1532 1953 1705 2026 from
1744 1953 2169 2028 marka-place.

1119 2086 1455 2144 Amcnmvs
1505 2082 1978 2160 (ADVLESCENS).

501 2216 586 2272 IV
749 2214 1163 2292 (soliloquius)
1197 2215 1537 2273 Discrficior
1562 2213 1779 2272 animi:
2427 2219 2547 2276 610
2564 2236 2601 2275 a.

517 2331 556 2385 4
742 2314 980 2371 Hocine
1010 2311 1087 2370 de
1117 2313 1418 2388 inprouiso
1445 2313 1584 2370 mali
1611 2313 1757 2370 mihi
1787 2312 1945 2371 obici
1974 2315 2221 2386 tantum,
2417 2317 2535 2373 610
2557 2315 2597 2373 b

736 2394 817 2468 Vt
842 2428 1036 2485 neque
1066 2408 1211 2484 quid
1240 2411 1336 2468 me
1367 2409 1578 2468 faciam
1606 2411 1723 2468 nec
1750 2409 1895 2484 quid
1922 2427 2093 2486 agam
2122 2413 2349 2470 certfim
2377 2411 2450 2469 sit
2474 2415 2487 2470 ἒ

739 2508 1013 2566 Membra
1038 2516 1203 2566 metu
1232 2506 1451 2565 debilia
1477 2509 1611 2566 sfint
1631 2527 1650 2580 3
1694 2507 1923 2566 animus
1952 2507 2162 2566 timbre

521 2621 544 2658 ο
739 2589 1041 2680 Obstipuit
1060 2625 1080 2680 3
1121 2607 1366 2680 pectore
1393 2608 1717 2664 consistere
1744 2604 1825 2662 nil
1853 2605 2059 2664 consili
2088 2605 2232 2680 quit.

734 2703 885 2775 Vah,
915 2706 1035 2778 quo
1065 2702 1249 2761 modo
1278 2702 1391 2762 hac
1419 2720 1517 2761 me
1546 2701 1863 2778 expediam
1893 2702 2102 2761 turba?
2142 2706 2305 2761 tauta
2330 2722 2489 2762 nunc

735 2800 1004 2876 Suspicio
1032 2799 1109 2858 de
1138 2818 1236 2858 me
1264 2799 1509 2873 incidit3
2480 2805 2589 2878 615

737 2899 949 2972 Neque
980 2897 1390 2956 ea-inmerito:
1437 2899 1697 2958 Sostrata

735 2994 941 3054 Credit
985 2995 1130 3053 mihi
1180 3013 1276 3053 me
1325 2996 1624 3070 psaltriam
1674 2995 1859 3053 hance
1905 3001 2115 3055 emisse
2135 3019 2164 3069 3,
2213 2995 2277 3054 id
2324 3015 2469 3056 anus
2514 2997 2596 3056 mi

1377 3092 1663 3151 indicium
1694 3093 1851 3152 fecit.

497 3203 544 3242 ιο
738 3191 895 3248 Nem
923 3199 989 3248 ut
1016 3190 1157 3247 hinc
1186 3191 1333 3248 forte
1364 3208 1435 3248 ea
1462 3187 1540 3246 ad
1569 3190 1948 3249 Obstetricem
1971 3201 2096 3249 erat
2124 3195 2315 3262 missa,
2341 3192 2441 3249 ubi
2461 3209 2595 3249 eam

859 3341 868 3350 ,
1377 3285 1520 3359 uidi,
1544 3287 1679 3345 ilico

732 3384 1000 3457 Acced0,
1029 3386 1239 3460 rogim,
1272 3384 1579 3458 thphila
1606 3384 1752 3458 quid
1781 3390 1933 3460 agat,
1964 3386 2081 3444 iam
2111 3397 2309 3462 partus
2338 3385 2545 3460 adsiet,

738 3484 870 3540 Eon
900 3483 1280 3541 Obstetricem
1309 3483 1590 3542 accersat.
1676 3481 1774 3539 illa
1802 3483 2091 3540 exclamat
2121 3483 2253 3554 ‘abi,
2277 3484 2373 3542 abi
2395 3504 2413 3557 3
2458 3484 2593 3556 iam,

1378 3579 1691 3652 Aeschine,
2480 3585 2596 3640 620

735 3678 882 3735 Satis
931 3677 1032 3734 din
1083 3677 1299 3734 dedisti
1344 3679 1563 3750 uerba3
1607 3687 1698 3735 sat
1744 3677 1940 3734 adhuc
1984 3682 2083 3734 tfia
2124 3697 2231 3734 nos
2276 3679 2597 3736 frustratast

1376 3773 1561 3832 fides!
