3259 4134
385 253 452 306 56
752 291 758 298 .
1133 252 1292 304 HEA
1309 253 1522 304 VToN
1566 251 1807 304 TJMOR
1820 251 2137 302 VMENOS.
2718 248 2845 314 [η.
2851 263 2893 315 7.

546 436 663 496 CH.
707 436 849 494 Non
876 434 1115 511 postulo
1143 434 1298 494 iam:
1342 435 1622 510 loquere:
1668 434 1789 494 nilo
1818 437 2009 492 minus
2038 451 2151 510 ego
2179 432 2295 492 hoc
2324 431 2537 492 faciam
2564 441 2783 491 tamen.
2840 463 2896 494 10

544 534 643 594 So,
703 534 752 591 F
753 531 954 592 acies?
1041 533 1156 592 Cn.
1204 533 1444 592 Verum.
1535 533 1632 592 So.
1684 533 1741 592 N
1746 535 1827 592 011
1867 531 2038 591 uides
2076 533 2363 606 quantt'im
2411 530 2548 588 mali
2597 551 2671 591 ex
2714 553 2787 594 ea
2828 554 2895 593 re

1149 630 1412 689 excites?

704 727 1016 788 St‘ibditum
1045 745 1107 786 se
1137 727 1480 804 stispicatur.
1565 726 1683 786 CH.
1728 731 1745 758 ‘
1764 725 2077 786 St‘ibditum
2099 728 2112 753 ’
2142 727 2239 786 ain
2268 729 2374 788 tu?
2451 731 2549 793 So,
2592 732 2688 791 Sic
2716 732 2850 806 erit,

384 825 542 887 1015
703 830 793 887 Mi
819 827 926 887 uir.
1010 826 1125 886 CH.
1171 825 1516 885 Confitere?
1596 826 1695 885 So·
1738 827 1849 898 Au,
1879 834 1939 883 te
1968 826 2237 900 obsecro,
2270 830 2421 886 istuc
2452 828 2703 889 inimicis
2732 831 2863 890 siet.

705 911 879 1003 Egon
904 925 1192 984 confitear
1219 926 1422 982 metim
1447 942 1570 984 non
1597 942 1726 984 esse
1762 925 1966 999 fllium,
1993 928 2096 1002 qui
2124 930 2199 986 sit
2226 931 2434 988 meus?
2576 929 2580 933 ’

544 1026 661 1085 CH.
705 1024 912 1100 Quid?
951 1025 1164 1084 metuis
1190 1043 1267 1083 ne
1295 1042 1438 1097 non,
1465 1029 1651 1100 quom
1678 1026 1843 1099 ueliS‚
1872 1029 2193 1084 conuincas
2222 1044 2351 1086 esse
2380 1027 2545 1085 illam
2571 1028 2781 1086 tuom?
2837 1053 2890 1100 15

543 1124 641 1184 So,
705 1124 887 1199 Quod
915 1123 1090 1184 filiast
1117 1124 1401 1183 inuenta?
1482 1124 1598 1184 CH.
1631 1124 2091 1203 (sarcaslz'cally)
2125 1125 2301 1183 Non:
2347 1123 2455 1183 sed
2476 1123 2640 1199 quod
2670 1123 2893 1204 [magis

1147 1221 1518 1281 credundum
1546 1221 1658 1281 siet
2851 1218 2868 1233 ⁶

703 1318 778 1378 Id
807 1318 970 1394 quod
1001 1329 1089 1378 est
1115 1320 1435 1379 consimilis
1463 1321 1743 1380 moribus·

383 1413 541 1474 1020
703 1417 1041 1476 Conuinces
1070 1416 1240 1476 facile
1269 1435 1344 1476 ex
1372 1427 1429 1476 te
1459 1427 1663 1476 natum
1685 1439 1703 1491 3
1746 1415 1919 1496 nam]
1955 1416 2039 1476 tui
2067 1416 2269 1476 similis
2298 1419 2388 1476 est
2416 1418 2602 1494 probe
2623 1438 2642 1491 3

706 1515 865 1572 Nam
894 1514 976 1572 illi
1003 1514 1084 1572 nil
1111 1515 1272 1572 uitist
1300 1515 1587 1588 relictum,
1615 1517 1761 1590 quin
1788 1515 1862 1572 sit
1890 1514 2051 1573 idem
2082 1513 2288 1572 itidem
2320 1515 2444 1575 tibi.

709 1610 896 1691 [Tum
926 1620 1232 1687 praeterea
1260 1612 1440 1671 talem
1467 1613 1578 1670 nisi
1607 1622 1671 1670 tu
1700 1612 1859 1670 nulla
1885 1621 2119 1687 pareret
2146 1609 2381 1690 filium]
2834 1639 2894 1670 20

713 1708 891 1788 (with
933 1709 1109 1767 bitter
1137 1707 1338 1786 irony)
1375 1708 1493 1768 Sed
1521 1710 1649 1785 ipse
1678 1708 1994 1784 egreditur,
2024 1711 2203 1784 quiim
2232 1727 2469 1768 seuerus
2494 1712 2507 1768 !
2548 1711 2674 1767 rem
2703 1727 2890 1784 quom

1143 1805 1368 1880 uidem,
1398 1808 1660 1865 censeas,

1485 2013 1681 2074 SCENE
1721 2033 1778 2086 4.

380 2144 582 2202 Enter
611 2144 900 2202 CerIPHo
921 2143 1094 2217 from
1125 2144 1470 2203 CHREMFS'S
1502 2145 1699 2203 house.
1780 2145 1881 2202 He
1912 2145 1963 2202 is
1991 2163 2125 2220 very
2157 2145 2285 2202 sad.
2366 2145 2467 2202 He
2488 2164 2622 2219 goes
2652 2153 2724 2203 at
2750 2165 2894 2205 once

944 2249 1000 2299 to
1027 2242 1120 2299 his
1150 2243 1378 2300 mother
1401 2243 1534 2299 and
1551 2243 1854 2299 addresses
1881 2242 1993 2299 lter
2016 2243 2323 2316 earnestly.

380 2371 641 2419 CLITIPHO
659 2372 784 2434 begs
798 2371 878 2420 his
893 2372 1091 2420 mother
1113 2377 1167 2420 to
1190 2370 1278 2420 tell
1300 2371 1406 2420 him
1430 2371 1508 2419 his
1531 2375 1821 2434 parentage.
1888 2371 2166 2429 CHREMES,
2184 2370 2431 2434 appealed
2448 2376 2501 2419 to
2515 2371 2582 2433 by
2598 2371 2889 2430 Sos'rRA’rA‚
2928 2433 2948 2438 ,-

468 2453 684 2502 rebukes
706 2455 786 2502 his
807 2469 900 2502 son
923 2459 1052 2502 most
1073 2453 1312 2517 severely,
1336 2454 1436 2503 and
1459 2452 1625 2517 finally
1649 2452 1789 2502 leads
1810 2453 1915 2502 him
1939 2459 1993 2502 to
2016 2453 2377 2516 acknowledge
2399 2453 2479 2501 his
2500 2453 2833 2504 misconduct.

825 2588 1193 2647 CLITIPHO
1449 2588 1830 2648 SOSTRATA
2090 2587 2453 2645 CHREMES

839 2679 1178 2716 ADVLESCENS
1525 2679 1732 2715 MVLIER
2172 2679 2340 2715 SENEX

383 2783 476 2853 V4
545 2783 651 2843 CL.
709 2784 767 2842 Si
797 2787 1076 2859 timquam
1106 2785 1288 2842 ullum
1316 2785 1424 2844 fuit
1451 2787 1703 2860 tempuS‚
1734 2795 1940 2857 mater,
1969 2802 2150 2859 quom
2185 2786 2295 2860 ego
2324 2784 2611 2860 uoluptati
2638 2784 2745 2843 tibi

383 2877 540 2938 1025
705 2882 752 2938 F
754 2882 958 2954 fierim,
989 2881 1182 2940 dictus
1213 2883 1365 2940 filius
1395 2892 1527 2941 tuos
1554 2887 1755 2941 nostra
1782 2883 2083 2940 uoluntate
2108 2905 2120 2940 ε
2167 2882 2435 2954 όϋεεοτο,

704 2980 845 3037 Eius
871 2989 936 3037 ut
963 2979 1302 3038 memineris
1330 2990 1506 3055 atque
1538 2981 1731 3056 inopis
1761 2983 1918 3043 minc
1948 2990 2007 3038 te
2037 2979 2376 3037 miserescat
2404 2979 2558 3038 mei:

703 3075 886 3150 Quod
914 3087 1056 3152 peto
1085 3087 1186 3136 aut
1213 3078 1374 3154 quod
1402 3079 1562 3151 uolo,
1592 3079 1849 3154 parentis
1879 3083 2046 3138 meos
2074 3089 2139 3137 ut
2168 3080 2573 3137 conmonstres
2602 3077 2765 3135 mihi.

541 3173 640 3232 So,
711 3171 1026 3251 (tenderly)
1066 3159 1354 3249 Obsecm,
1379 3177 1459 3234 mi
1480 3181 1675 3252 gnate,
1702 3196 1777 3236 ne
1805 3178 1955 3236 istuc
1984 3181 2044 3234 in
2074 3177 2333 3235 animum
2363 3177 2607 3235 induces
2630 3185 2816 3247 tuom,
2862 3201 2886 3248 5

703 3260 982 3330 Alienum
1033 3290 1161 3331 esse
1213 3276 1289 3332 te.
1381 3275 1485 3334 CL.
1526 3274 1753 3351 (sadly)
1794 3276 1953 3334 Sum.
2044 3276 2140 3334 So,
2180 3273 2564 3352 (dtlctracted)
2603 3275 2889 3332 Miseram

1143 3389 1259 3443 me,
1289 3371 1504 3430 hocine
1532 3373 1829 3447 quaesisti,
1860 3373 2153 3431 Obsecro?

382 3460 540 3522 1030
710 3464 884 3542 (with
917 3475 1097 3540 great
1130 3471 1524 3549 earnestness)
1565 3455 1657 3526 1ta
1699 3470 1843 3526 mihi
1877 3480 2053 3544 atque
2089 3469 2224 3526 huic
2260 3472 2336 3527 sis
2362 3479 2675 3544 superstes,
2712 3471 2778 3527 ὑῒ
2812 3487 2887 3526 ex

1143 3582 1240 3622 me
1271 3574 1448 3639 atque
1477 3584 1551 3623 ex
1579 3566 1694 3624 hoc
1724 3570 1892 3624 natus
1922 3585 1983 3624 es
2007 3587 2022 3636 3
