3259 4134
399 255 461 306 14
1145 259 1302 308 HEA
1319 259 1369 308 V
1370 259 1532 308 TON
1577 258 1817 308 TJMOR
1830 258 2149 308 VMENOS.
2592 305 2597 310 .
2704 258 2816 322 [i.2.
2826 272 2845 306 1
2859 271 2900 309 ι.

718 440 958 498 Praesto
987 439 1148 515 apud
1177 457 1274 498 me
1306 457 1434 500 esse
1463 440 1645 500 aiunt.
1729 442 1967 517 egomet
1993 440 2279 500 conuiuas
2304 457 2521 499 moror.
2818 467 2901 498 120

717 536 831 596 Ibo
859 537 1014 596 adeo
1043 536 1181 596 hinc
1209 537 1382 596 intro,
1435 538 1667 617 (Starts
1696 547 1753 597 to
1771 557 1847 614 go
1876 546 1933 597 to
1959 539 2054 596 ln's
2080 539 2243 611 door,
2272 537 2383 596 but
2406 538 2613 596 draws
2645 539 2795 595 back
2828 557 2900 596 as

1151 637 1224 694 lte
1253 636 1432 695 hears
1463 655 1620 695 some
1646 655 1755 695 one
1786 637 2033 712 opening
2056 633 2149 714 it.)
2234 635 2343 695 sed
2369 636 2515 712 quid
2544 642 2899 714 crepuerunt

1157 733 1310 792 sores
1323 734 1352 792 ?

719 828 916 908 [Hinc
939 848 974 888 a
995 848 1092 889 me
1107 831 1136 890 ἰ’
1161 830 1292 906 quis
1313 848 1451 889 nam
1473 829 1816 907 egreditur?
1840 831 1957 890 huc
1972 829 2381 911 concessero]
2430 830 2624 911 (Goes
2640 851 2783 892 over
2794 833 2887 910 R.)

1502 1089 1699 1147 SCENE
1744 1107 1797 1147 2.

886 1215 1090 1272 Enter
1114 1215 1405 1274 Cmffno
1427 1213 1601 1288 from
1631 1216 1726 1274 the
1752 1217 1933 1275 house
1958 1217 2034 1292 of
2060 1220 2369 1278 CHREMES·

389 1355 650 1404 CLlTlPHO
690 1355 783 1405 has
821 1362 932 1405 sent
972 1355 1051 1405 his
1091 1356 1296 1404 father’s
1335 1355 1469 1404 slave
1511 1357 1683 1405 SYRUS
1723 1363 1776 1404 to
1816 1356 1917 1419 beg
1954 1358 2261 1406 ANTIPHILA
2301 1363 2354 1406 to
2394 1374 2540 1409 come
2580 1366 2634 1410 to
2677 1360 2891 1412 CL1N1A.

472 1441 733 1488 CHREMES
755 1439 1023 1488 overhears
1037 1439 1117 1488 his
1139 1453 1234 1487 son
1257 1437 1485 1500 assuring
1506 1438 1700 1486 CLINIA
1722 1439 1833 1487 that
1849 1439 1939 1487 she
1957 1439 2057 1488 will
2078 1455 2206 1489 soon
2228 1441 2398 1490 arrive.
2460 1443 2667 1507 Having
2687 1443 2895 1494 learned

473 1522 559 1571 the
591 1521 977 1571 circumstances
999 1521 1058 1569 of
1088 1521 1326 1569 CLINIA’S
1359 1526 1546 1578 return,
1568 1520 1831 1569 CHREMES
1866 1521 2040 1569 makes
2073 1536 2141 1585 up
2174 1521 2255 1570 his
2286 1523 2428 1572 mind
2461 1523 2570 1572 that
2602 1524 2690 1574 the
2723 1540 2893 1588 young

472 1620 590 1652 man
614 1604 771 1667 ought
795 1610 884 1652 not
905 1609 959 1652 to
983 1603 1047 1650 be
1074 1602 1180 1651 told
1204 1602 1290 1650 the
1307 1600 1411 1650 real
1433 1607 1558 1650 state
1583 1600 1642 1650 os
1668 1600 1749 1650 his
1769 1600 1974 1652 father's
1995 1602 2221 1666 feelings.
2290 1604 2376 1652 He
2399 1604 2652 1654 therefore
2675 1607 2888 1656 defends

473 1687 558 1735 the
584 1687 805 1735 conduct
826 1686 887 1734 of
915 1686 1283 1733 MENEDEMUS.

1031 1804 1404 1864 CL1T1PHO
1894 1802 2254 1860 CHREMES

1044 1895 1383 1932 ADVLESCENS
1992 1893 2159 1930 SENEX

389 1995 506 2052 175
551 1996 599 2067 Ι,
622 2021 647 2052 2
691 1995 796 2116 CL.
849 1995 938 2070 (to
967 1995 1180 2054 Cme
1207 1994 1449 2070 wi‘thm)
1489 1995 1590 2052 Nss
1617 1993 1815 2052 adhuc
1842 2002 1932 2052 est
1959 1992 2125 2068 quod
2150 2009 2413 2065 uereare,
2444 1991 2671 2052 Clinia:
2722 1990 2885 2050 haud

1152 2111 1446 2168 quaquam
1475 2093 1657 2150 etiam
1684 2101 1935 2164 cessant,
2011 2126 2018 2133 ·

711 2175 790 2250 Et
818 2190 977 2248 illam
1005 2190 1176 2248 simul
1205 2208 1342 2248 cum
1371 2189 1578 2248 nuntio
1608 2188 1706 2247 hic
1735 2188 1842 2247 tibi
1870 2187 2203 2246 adfuturam
2231 2187 2411 2247 hodie
2440 2188 2583 2247 scio,

713 2290 887 2346 Proin
917 2296 980 2345 tu
1009 2285 1465 2346 sollicitudinem
1495 2287 1668 2344 istam
1698 2285 1919 2358 selsam,
1950 2303 2101 2360 quae
2132 2295 2193 2344 te
2220 2285 2538 2359 excruciat,
2567 2285 2783 2344 mittas,

550 2385 666 2444 CH.
715 2384 940 2462 (aside)
980 2384 1236 2458 Quicum
1264 2385 1521 2459 loquitur
1549 2384 1743 2443 filius?

550 2483 656 2542 CL.
715 2481 929 2560 (aude,
967 2483 1161 2556 seeing
1199 2482 1522 2559 CHREMES)
1563 2484 1736 2540 Pater
1777 2481 1964 2554 adest,
2007 2498 2187 2557 quem
2228 2480 2425 2540 uolui:
2476 2479 2676 2541 adibo,
2734 2482 2891 2559 (t05

1150 2577 1478 2656 CHREMES)
1514 2581 1701 2655 pater,
1728 2588 2065 2654 opportune
2092 2577 2355 2637 aduenis.

390 2675 506 2734 180
548 2677 666 2736 CH.
706 2676 872 2750 Quid
899 2676 963 2735 id
992 2678 1122 2736 est?
1189 2677 1296 2736 CL.
1328 2677 1510 2734 Hunc
1547 2676 1883 2754 (pomting)
1922 2674 2348 2734 Menedemum
2388 2676 2587 2734 nostin
2626 2681 2895 2735 nostrum

1146 2773 1452 2833 uicinum?
1531 2773 1648 2833 CH.
1679 2773 1890 2832 Probe.

547 2870 656 2930 CL.
707 2870 869 2929 Huic
911 2871 1098 2930 filium
1139 2871 1254 2930 scis
1295 2872 1468 2931 esse?
1547 2871 1665 2931 Cn.
1693 2869 1913 2929 Audiui
1938 2887 2106 2929 esse:
2150 2873 2211 2928 in
2237 2870 2395 2929 Asia.
2476 2871 2584 2931 C1..
2614 2872 2755 2930 Non
2783 2873 2893 2946 est,

1196 2986 1230 3026 a
1341 2991 1356 3028 ε

708 3063 887 3141 Apud
914 3069 1026 3124 nos
1056 2987 1192 3125 est.p
1231 2977 1362 3126 tgz.
1394 3065 1555 3140 Quid
1596 3067 1725 3124 ais?
1804 3066 1913 3126 CL.
1941 3055 2405 3140 Aduenientem,
2434 3084 2469 3125 e
2496 3065 2635 3126 nAui
2660 3065 2891 3142 egredi-

1153 3173 1351 3222 entem
1381 3163 1516 3222 ilico

707 3259 946 3318 Abduxi
973 3259 1051 3318 ad
1079 3279 1291 3319 cenam
1311 3281 1330 3334 3
1371 3262 1512 3320 mim
1551 3260 1699 3319 mihi
1732 3279 1947 3337 magna
1977 3279 2114 3320 cum
2142 3264 2218 3320 eo
2246 3260 2365 3320 iam
2392 3260 2533 3320 inde
2568 3259 2823 3341 [usque]
2858 3281 2897 3320 a

1192 3358 1400 3417 ueritia

709 3454 844 3513 Fuit
872 3457 1105 3530 semper
1132 3376 1509 3515 similiaritas.
1593 3457 1710 3516 CH.
1731 3457 2124 3533 ⁵Voluptatem
2152 3475 2428 3532 magnam
2456 3457 2710 3516 nuntias.
2838 3485 2897 3517 ιο

384 3549 506 3610 185
707 3551 904 3626 Quam
933 3551 1146 3609 uellem
1177 3551 1603 3612 Menedemum
1631 3552 1963 3626 inuitatum,
1984 3562 2051 3612 ut
2076 3551 2389 3612 nobiscum
2418 3562 2594 3628 esset,
2616 3553 2895 3630 Amplius,
