<?xml version="1.0" encoding="UTF-8"?>
<!DOCTYPE html PUBLIC "-//W3C//DTD XHTML 1.0 Transitional//EN"
    "http://www.w3.org/TR/xhtml1/DTD/xhtml1-transitional.dtd">
<html xmlns="http://www.w3.org/1999/xhtml" xml:lang="en" lang="en">
 <head>
  <title>
</title>
<meta http-equiv="Content-Type" content="text/html;charset=utf-8" />
  <meta name='ocr-system' content='tesseract 3.04.00' />
  <meta name='ocr-capabilities' content='ocr_page ocr_carea ocr_par ocr_line ocrx_word'/>
</head>
<body>
  <div class='ocr_page' id='page_1' title='image "./pterentiafripho00rolfgoog/pterentiafripho00rolfgoog_0088.png"; bbox 0 0 3259 4134; ppageno 0'>
   <div class='ocr_carea' id='block_1_1' title="bbox 384 271 2889 339">
    <p class='ocr_par' dir='ltr' id='par_1_1' title="bbox 384 271 2889 339">
     <span class='ocr_line' id='line_1_1' title="bbox 384 271 2889 339; baseline 0 -17"><span class='ocrx_word' id='word_1_1' title='bbox 384 272 449 324; x_wconf 87' lang='lat'>16</span> <span class='ocrx_word' id='word_1_2' title='bbox 1134 272 1291 320; x_wconf 86' lang='lat' dir='ltr'>HEA</span> <span class='ocrx_word' id='word_1_3' title='bbox 1308 273 1356 321; x_wconf 85' lang='lat' dir='ltr'><em>V</em></span> <span class='ocrx_word' id='word_1_4' title='bbox 1358 271 1408 320; x_wconf 88' lang='lat' dir='ltr'><em>T</em></span> <span class='ocrx_word' id='word_1_5' title='bbox 1409 272 1518 321; x_wconf 91' lang='grc' dir='ltr'>ΟΝ</span> <span class='ocrx_word' id='word_1_6' title='bbox 1563 273 1613 321; x_wconf 91' lang='lat' dir='ltr'><em>T</em></span> <span class='ocrx_word' id='word_1_7' title='bbox 1607 272 1711 320; x_wconf 86' lang='lat' dir='ltr'>JM</span> <span class='ocrx_word' id='word_1_8' title='bbox 1711 272 1804 320; x_wconf 88' lang='lat' dir='ltr'>OR</span> <span class='ocrx_word' id='word_1_9' title='bbox 1818 272 2040 322; x_wconf 88' lang='lat' dir='ltr'><em>VMEN</em></span> <span class='ocrx_word' id='word_1_10' title='bbox 2038 272 2135 321; x_wconf 91' lang='lat' dir='ltr'>OS.</span> <span class='ocrx_word' id='word_1_11' title='bbox 2698 271 2889 339; x_wconf 86' lang='lat' dir='ltr'>[i.3.17.</span> 
     </span>
    </p>
   </div>
   <div class='ocr_carea' id='block_1_2' title="bbox 380 451 2889 708">
    <p class='ocr_par' dir='ltr' id='par_1_2' title="bbox 380 451 2889 708">
     <span class='ocr_line' id='line_1_2' title="bbox 380 451 2523 529; baseline -0.001 -16"><span class='ocrx_word' id='word_1_12' title='bbox 380 453 500 513; x_wconf 88' lang='grc'>210</span> <span class='ocrx_word' id='word_1_13' title='bbox 703 453 984 514; x_wconf 77' lang='lat' dir='ltr'>Scitumst</span> <span class='ocrx_word' id='word_1_14' title='bbox 1010 451 1299 529; x_wconf 87' lang='lat' dir='ltr'>periclum</span> <span class='ocrx_word' id='word_1_15' title='bbox 1327 471 1401 512; x_wconf 88' lang='lat' dir='ltr'>ex</span> <span class='ocrx_word' id='word_1_16' title='bbox 1429 452 1554 512; x_wconf 76' lang='lat' dir='ltr'>aliis</span> <span class='ocrx_word' id='word_1_17' title='bbox 1584 452 1798 526; x_wconf 88' lang='lat' dir='ltr'>facere,</span> <span class='ocrx_word' id='word_1_18' title='bbox 1829 451 1935 512; x_wconf 85' lang='lat' dir='ltr'>tibi</span> <span class='ocrx_word' id='word_1_19' title='bbox 1963 452 2127 527; x_wconf 90' lang='lat' dir='ltr'>quod</span> <span class='ocrx_word' id='word_1_20' title='bbox 2158 471 2232 511; x_wconf 88' lang='lat' dir='ltr'>ex</span> <span class='ocrx_word' id='word_1_21' title='bbox 2258 455 2366 511; x_wconf 78' lang='lat' dir='ltr'>u&#39;su</span> <span class='ocrx_word' id='word_1_22' title='bbox 2394 453 2523 512; x_wconf 89' lang='lat' dir='ltr'>siet.</span> 
     </span>
     <span class='ocr_line' id='line_1_3' title="bbox 541 547 2889 626; baseline -0.001 -14"><span class='ocrx_word' id='word_1_23' title='bbox 541 553 650 613; x_wconf 88' lang='lat' dir='ltr'>CL.</span> <span class='ocrx_word' id='word_1_24' title='bbox 700 553 794 611; x_wconf 90' lang='lat' dir='ltr'>Ita</span> <span class='ocrx_word' id='word_1_25' title='bbox 821 551 1024 610; x_wconf 74' lang='lat' dir='ltr'>credo,</span> <span class='ocrx_word' id='word_1_26' title='bbox 1107 552 1222 611; x_wconf 84' lang='lat' dir='ltr'>CH.</span> <span class='ocrx_word' id='word_1_27' title='bbox 1269 553 1400 626; x_wconf 87' lang='lat' dir='ltr'>Ego</span> <span class='ocrx_word' id='word_1_28' title='bbox 1430 550 1529 609; x_wconf 88' lang='lat' dir='ltr'>ibo</span> <span class='ocrx_word' id='word_1_29' title='bbox 1559 548 1697 608; x_wconf 87' lang='lat' dir='ltr'>hinc</span> <span class='ocrx_word' id='word_1_30' title='bbox 1726 554 1899 623; x_wconf 80' lang='lat' dir='ltr'>intre,</span> <span class='ocrx_word' id='word_1_31' title='bbox 1930 559 1995 608; x_wconf 92' lang='lat' dir='ltr'>ut</span> <span class='ocrx_word' id='word_1_32' title='bbox 2021 547 2261 608; x_wconf 87' lang='lat' dir='ltr'>uideam</span> <span class='ocrx_word' id='word_1_33' title='bbox 2303 551 2474 608; x_wconf 80' lang='lat' dir='ltr'>nobis</span> <span class='ocrx_word' id='word_1_34' title='bbox 2514 551 2660 625; x_wconf 89' lang='lat' dir='ltr'>quid</span> <span class='ocrx_word' id='word_1_35' title='bbox 2702 555 2889 610; x_wconf 75' lang='lat' dir='ltr'>cenae</span> 
     </span>
     <span class='ocr_line' id='line_1_4' title="bbox 1143 649 1271 708; baseline 0.008 -1"><span class='ocrx_word' id='word_1_36' title='bbox 1143 649 1271 708; x_wconf 86' lang='lat' dir='ltr'>siet.</span> 
     </span>
    </p>
   </div>
   <div class='ocr_carea' id='block_1_3' title="bbox 699 744 2891 920">
    <p class='ocr_par' dir='ltr' id='par_1_3' title="bbox 699 744 2891 920">
     <span class='ocr_line' id='line_1_5' title="bbox 699 744 2891 822; baseline -0.001 -17"><span class='ocrx_word' id='word_1_37' title='bbox 699 749 814 820; x_wconf 91' lang='lat' dir='ltr'>Tu,</span> <span class='ocrx_word' id='word_1_38' title='bbox 841 755 908 804; x_wconf 90' lang='lat' dir='ltr'>ut</span> <span class='ocrx_word' id='word_1_39' title='bbox 935 748 1170 822; x_wconf 79' lang='lat' dir='ltr'>tempus</span> <span class='ocrx_word' id='word_1_40' title='bbox 1199 755 1288 805; x_wconf 89' lang='lat' dir='ltr'>est</span> <span class='ocrx_word' id='word_1_41' title='bbox 1317 745 1456 819; x_wconf 65' lang='lat' dir='ltr'>diei,</span> <span class='ocrx_word' id='word_1_42' title='bbox 1477 745 1618 804; x_wconf 85' lang='lat' dir='ltr'>uide</span> <span class='ocrx_word' id='word_1_43' title='bbox 1648 745 1725 804; x_wconf 90' lang='lat' dir='ltr'>sis</span> <span class='ocrx_word' id='word_1_44' title='bbox 1752 747 1828 804; x_wconf 77' lang='lat' dir='ltr'>ne</span> <span class='ocrx_word' id='word_1_45' title='bbox 1858 763 1979 820; x_wconf 94' lang='lat' dir='ltr'>quo</span> <span class='ocrx_word' id='word_1_46' title='bbox 2007 744 2146 802; x_wconf 88' lang='lat' dir='ltr'>hinc</span> <span class='ocrx_word' id='word_1_47' title='bbox 2174 745 2351 804; x_wconf 84' lang='lat' dir='ltr'>abeas</span> <span class='ocrx_word' id='word_1_48' title='bbox 2380 745 2626 821; x_wconf 79' lang='lat' dir='ltr'>longius.</span> <span class='ocrx_word' id='word_1_49' title='bbox 2692 745 2891 821; x_wconf 86' lang='lat' dir='ltr'>(Goes</span> 
     </span>
     <span class='ocr_line' id='line_1_6' title="bbox 1141 843 1644 920; baseline -0.004 -18"><span class='ocrx_word' id='word_1_50' title='bbox 1141 843 1266 902; x_wconf 84' lang='lat' dir='ltr'>into</span> <span class='ocrx_word' id='word_1_51' title='bbox 1292 844 1386 902; x_wconf 76' lang='lat' dir='ltr'>his</span> <span class='ocrx_word' id='word_1_52' title='bbox 1413 843 1644 920; x_wconf 78' lang='lat' dir='ltr'>house.)</span> 
     </span>
    </p>
   </div>
   <div class='ocr_carea' id='block_1_4' title="bbox 1483 1006 1778 1082">
    <p class='ocr_par' dir='ltr' id='par_1_4' title="bbox 1483 1006 1778 1082">
     <span class='ocr_line' id='line_1_7' title="bbox 1483 1006 1778 1082; baseline 0 -18"><span class='ocrx_word' id='word_1_53' title='bbox 1483 1006 1679 1064; x_wconf 79' lang='lat' dir='ltr'>SCENE</span> <span class='ocrx_word' id='word_1_54' title='bbox 1724 1024 1778 1082; x_wconf 89' lang='lat'>3.</span> 
     </span>
    </p>
   </div>
   <div class='ocr_carea' id='block_1_5' title="bbox 379 1135 2890 1284">
    <p class='ocr_par' dir='ltr' id='par_1_5' title="bbox 379 1135 2890 1284">
     <span class='ocr_line' id='line_1_8' title="bbox 379 1135 2890 1206; baseline -0.001 -20"><span class='ocrx_word' id='word_1_55' title='bbox 379 1137 640 1186; x_wconf 81' lang='lat' dir='ltr'>CLlTrPHo</span> <span class='ocrx_word' id='word_1_56' title='bbox 673 1136 988 1200; x_wconf 78' lang='lat' dir='ltr'>soliloquizes</span> <span class='ocrx_word' id='word_1_57' title='bbox 1011 1151 1078 1184; x_wconf 88' lang='lat' dir='ltr'>on</span> <span class='ocrx_word' id='word_1_58' title='bbox 1101 1136 1180 1185; x_wconf 89' lang='lat' dir='ltr'>his</span> <span class='ocrx_word' id='word_1_59' title='bbox 1201 1136 1406 1184; x_wconf 78' lang='lat' dir='ltr'>father-&#39;s</span> <span class='ocrx_word' id='word_1_60' title='bbox 1439 1137 1630 1194; x_wconf 86' lang='lat' dir='ltr'>advice,</span> <span class='ocrx_word' id='word_1_61' title='bbox 1656 1135 1820 1184; x_wconf 89' lang='lat' dir='ltr'><strong>which</strong></span> <span class='ocrx_word' id='word_1_62' title='bbox 1854 1135 1920 1184; x_wconf 91' lang='lat' dir='ltr'>he</span> <span class='ocrx_word' id='word_1_63' title='bbox 1956 1137 2079 1185; x_wconf 88' lang='lat' dir='ltr'>does</span> <span class='ocrx_word' id='word_1_64' title='bbox 2102 1141 2193 1184; x_wconf 87' lang='lat' dir='ltr'>not</span> <span class='ocrx_word' id='word_1_65' title='bbox 2225 1142 2277 1184; x_wconf 83' lang='lat' dir='ltr'>at</span> <span class='ocrx_word' id='word_1_66' title='bbox 2310 1135 2377 1184; x_wconf 86' lang='lat' dir='ltr'>au</span> <span class='ocrx_word' id='word_1_67' title='bbox 2410 1150 2557 1198; x_wconf 87' lang='lat' dir='ltr'>agree</span> <span class='ocrx_word' id='word_1_68' title='bbox 2590 1135 2729 1206; x_wconf 77' lang='lat' dir='ltr'>with.</span> <span class='ocrx_word' id='word_1_69' title='bbox 2798 1137 2890 1184; x_wconf 92' lang='lat' dir='ltr'>He</span> 
     </span>
     <span class='ocr_line' id='line_1_9' title="bbox 465 1218 2367 1284; baseline -0.001 -16"><span class='ocrx_word' id='word_1_70' title='bbox 465 1234 589 1284; x_wconf 80' lang='lat' dir='ltr'>goes</span> <span class='ocrx_word' id='word_1_71' title='bbox 610 1234 678 1267; x_wconf 88' lang='lat' dir='ltr'>on</span> <span class='ocrx_word' id='word_1_72' title='bbox 701 1225 752 1268; x_wconf 88' lang='lat' dir='ltr'>to</span> <span class='ocrx_word' id='word_1_73' title='bbox 775 1219 934 1284; x_wconf 82' lang='lat' dir='ltr'>speak</span> <span class='ocrx_word' id='word_1_74' title='bbox 957 1219 1016 1268; x_wconf 91' lang='lat' dir='ltr'>of</span> <span class='ocrx_word' id='word_1_75' title='bbox 1043 1219 1129 1268; x_wconf 89' lang='lat' dir='ltr'>the</span> <span class='ocrx_word' id='word_1_76' title='bbox 1153 1224 1512 1282; x_wconf 83' lang='lat' dir='ltr'>extravagance</span> <span class='ocrx_word' id='word_1_77' title='bbox 1536 1218 1594 1266; x_wconf 91' lang='lat' dir='ltr'>of</span> <span class='ocrx_word' id='word_1_78' title='bbox 1621 1219 1701 1267; x_wconf 89' lang='lat' dir='ltr'>his</span> <span class='ocrx_word' id='word_1_79' title='bbox 1723 1234 1837 1266; x_wconf 91' lang='lat' dir='ltr'>own</span> <span class='ocrx_word' id='word_1_80' title='bbox 1858 1219 2093 1278; x_wconf 75' lang='lat' dir='ltr'>mistresS‚</span> <span class='ocrx_word' id='word_1_81' title='bbox 2118 1219 2367 1266; x_wconf 65' lang='lat' dir='ltr'>BAccms.</span> 
     </span>
    </p>
   </div>
   <div class='ocr_carea' id='block_1_6' title="bbox 1449 1336 1821 1464">
    <p class='ocr_par' dir='ltr' id='par_1_6' title="bbox 1449 1336 1821 1464">
     <span class='ocr_line' id='line_1_10' title="bbox 1449 1336 1821 1396; baseline -0.011 0"><span class='ocrx_word' id='word_1_82' title='bbox 1449 1336 1821 1396; x_wconf 84' lang='lat' dir='ltr'>CLITIPHO</span> 
     </span>
     <span class='ocr_line' id='line_1_11' title="bbox 1459 1426 1801 1464; baseline 0 0"><span class='ocrx_word' id='word_1_83' title='bbox 1459 1426 1801 1464; x_wconf 79' lang='lat' dir='ltr'>ADVLESCENS</span> 
     </span>
    </p>
   </div>
   <div class='ocr_carea' id='block_1_7' title="bbox 379 1532 2891 2685">
    <p class='ocr_par' dir='ltr' id='par_1_7' title="bbox 379 1532 2891 2685">
     <span class='ocr_line' id='line_1_12' title="bbox 415 1532 2891 1613; baseline -0.001 -19"><span class='ocrx_word' id='word_1_84' title='bbox 415 1537 479 1594; x_wconf 95' lang='lat' dir='ltr'>II</span> <span class='ocrx_word' id='word_1_85' title='bbox 497 1563 516 1594; x_wconf 89' lang='lat'>1</span> <span class='ocrx_word' id='word_1_86' title='bbox 539 1536 646 1596; x_wconf 85' lang='lat' dir='ltr'>CL.</span> <span class='ocrx_word' id='word_1_87' title='bbox 705 1533 1164 1613; x_wconf 81' lang='lat' dir='ltr'>(soliloquizt‘ng)</span> <span class='ocrx_word' id='word_1_88' title='bbox 1218 1534 1415 1609; x_wconf 87' lang='lat' dir='ltr'>Quam</span> <span class='ocrx_word' id='word_1_89' title='bbox 1463 1532 1649 1610; x_wconf 87' lang='lat' dir='ltr'>iniqui</span> <span class='ocrx_word' id='word_1_90' title='bbox 1704 1542 1839 1592; x_wconf 86' lang='lat' dir='ltr'>sunt</span> <span class='ocrx_word' id='word_1_91' title='bbox 1891 1535 2089 1610; x_wconf 79' lang='lat' dir='ltr'>patres</span> <span class='ocrx_word' id='word_1_92' title='bbox 2144 1533 2205 1592; x_wconf 89' lang='lat' dir='ltr'>in</span> <span class='ocrx_word' id='word_1_93' title='bbox 2254 1533 2445 1592; x_wconf 86' lang='lat' dir='ltr'>omnis</span> <span class='ocrx_word' id='word_1_94' title='bbox 2494 1532 2891 1592; x_wconf 60' lang='lat' dir='ltr'>{adulescentis</span> 
     </span>
     <span class='ocr_line' id='line_1_13' title="bbox 1141 1631 1409 1690; baseline 0.004 -1"><span class='ocrx_word' id='word_1_95' title='bbox 1141 1631 1369 1690; x_wconf 75' lang='lat' dir='ltr'>iudices</span> <span class='ocrx_word' id='word_1_96' title='bbox 1397 1634 1409 1690; x_wconf 73' lang='grc' dir='ltr'><strong>Ξ</strong></span> 
     </span>
     <span class='ocr_line' id='line_1_14' title="bbox 701 1727 2515 1806; baseline 0 -18"><span class='ocrx_word' id='word_1_97' title='bbox 701 1731 820 1806; x_wconf 89' lang='lat' dir='ltr'>Qui</span> <span class='ocrx_word' id='word_1_98' title='bbox 848 1748 1105 1806; x_wconf 89' lang='lat' dir='ltr'>aequom</span> <span class='ocrx_word' id='word_1_99' title='bbox 1133 1731 1262 1788; x_wconf 79' lang='lat' dir='ltr'>esse</span> <span class='ocrx_word' id='word_1_100' title='bbox 1291 1739 1538 1788; x_wconf 88' lang='lat' dir='ltr'>censent</span> <span class='ocrx_word' id='word_1_101' title='bbox 1564 1732 1675 1788; x_wconf 66' lang='lat' dir='ltr'>nes</span> <span class='ocrx_word' id='word_1_102' title='bbox 1703 1747 1740 1786; x_wconf 85' lang='lat' dir='ltr'>a</span> <span class='ocrx_word' id='word_1_103' title='bbox 1767 1729 1963 1804; x_wconf 90' lang='lat' dir='ltr'>pueris</span> <span class='ocrx_word' id='word_1_104' title='bbox 1992 1727 2127 1786; x_wconf 89' lang='lat' dir='ltr'>ssico</span> <span class='ocrx_word' id='word_1_105' title='bbox 2153 1732 2317 1786; x_wconf 87' lang='lat' dir='ltr'>nasci</span> <span class='ocrx_word' id='word_1_106' title='bbox 2346 1747 2515 1788; x_wconf 88' lang='lat' dir='ltr'>senes</span> 
     </span>
     <span class='ocr_line' id='line_1_15' title="bbox 379 1825 2573 1904; baseline -0.001 -18"><span class='ocrx_word' id='word_1_107' title='bbox 379 1826 499 1886; x_wconf 87' lang='lat'>215</span> <span class='ocrx_word' id='word_1_108' title='bbox 702 1830 916 1904; x_wconf 89' lang='lat' dir='ltr'>Neque</span> <span class='ocrx_word' id='word_1_109' title='bbox 944 1829 1171 1887; x_wconf 79' lang='lat' dir='ltr'>illarum</span> <span class='ocrx_word' id='word_1_110' title='bbox 1199 1826 1410 1886; x_wconf 90' lang='lat' dir='ltr'>adfinis</span> <span class='ocrx_word' id='word_1_111' title='bbox 1439 1829 1567 1885; x_wconf 78' lang='lat' dir='ltr'>esse</span> <span class='ocrx_word' id='word_1_112' title='bbox 1597 1845 1811 1899; x_wconf 90' lang='lat' dir='ltr'>rerum,</span> <span class='ocrx_word' id='word_1_113' title='bbox 1840 1828 1986 1902; x_wconf 77' lang='lat' dir='ltr'>quas</span> <span class='ocrx_word' id='word_1_114' title='bbox 2017 1826 2127 1885; x_wconf 86' lang='lat' dir='ltr'>fert</span> <span class='ocrx_word' id='word_1_115' title='bbox 2155 1825 2573 1885; x_wconf 79' lang='lat' dir='ltr'>adulescentia.</span> 
     </span>
     <span class='ocr_line' id='line_1_16' title="bbox 705 1923 2811 1998; baseline -0.001 -14"><span class='ocrx_word' id='word_1_116' title='bbox 705 1928 798 1984; x_wconf 88' lang='lat' dir='ltr'>Ex</span> <span class='ocrx_word' id='word_1_117' title='bbox 826 1927 931 1984; x_wconf 73' lang='lat' dir='ltr'>sua</span> <span class='ocrx_word' id='word_1_118' title='bbox 957 1923 1220 1984; x_wconf 79' lang='lat' dir='ltr'>lubidine</span> <span class='ocrx_word' id='word_1_119' title='bbox 1250 1924 1649 1997; x_wconf 86' lang='lat' dir='ltr'>moderantur,</span> <span class='ocrx_word' id='word_1_120' title='bbox 1679 1927 1839 1982; x_wconf 81' lang='lat' dir='ltr'>minc</span> <span class='ocrx_word' id='word_1_121' title='bbox 1868 1941 2019 1998; x_wconf 91' lang='lat' dir='ltr'>quae</span> <span class='ocrx_word' id='word_1_122' title='bbox 2051 1933 2158 1996; x_wconf 89' lang='lat' dir='ltr'>est,</span> <span class='ocrx_word' id='word_1_123' title='bbox 2186 1942 2307 1981; x_wconf 89' lang='lat' dir='ltr'>non</span> <span class='ocrx_word' id='word_1_124' title='bbox 2335 1941 2489 1998; x_wconf 90' lang='lat' dir='ltr'>quae</span> <span class='ocrx_word' id='word_1_125' title='bbox 2518 1924 2657 1982; x_wconf 89' lang='lat' dir='ltr'>olim</span> <span class='ocrx_word' id='word_1_126' title='bbox 2687 1924 2811 1982; x_wconf 87' lang='lat' dir='ltr'>fuit.</span> 
     </span>
     <span class='ocr_line' id='line_1_17' title="bbox 705 2021 2889 2098; baseline -0.002 -15"><span class='ocrx_word' id='word_1_127' title='bbox 705 2023 857 2082; x_wconf 91' lang='lat' dir='ltr'>Mihi</span> <span class='ocrx_word' id='word_1_128' title='bbox 885 2023 933 2082; x_wconf 91' lang='lat' dir='ltr'>si</span> <span class='ocrx_word' id='word_1_129' title='bbox 960 2026 1241 2098; x_wconf 74' lang='lat' dir='ltr'>umquam</span> <span class='ocrx_word' id='word_1_130' title='bbox 1270 2022 1422 2080; x_wconf 71' lang='lat' dir='ltr'>filius</span> <span class='ocrx_word' id='word_1_131' title='bbox 1451 2022 1578 2095; x_wconf 90' lang='lat' dir='ltr'>erit,</span> <span class='ocrx_word' id='word_1_132' title='bbox 1608 2040 1684 2080; x_wconf 91' lang='lat' dir='ltr'>ne</span> <span class='ocrx_word' id='word_1_133' title='bbox 1714 2022 1809 2080; x_wconf 92' lang='lat' dir='ltr'>ille</span> <span class='ocrx_word' id='word_1_134' title='bbox 1841 2021 1995 2080; x_wconf 77' lang='lat' dir='ltr'>facili</span> <span class='ocrx_word' id='word_1_135' title='bbox 2025 2039 2121 2079; x_wconf 89' lang='lat' dir='ltr'>me</span> <span class='ocrx_word' id='word_1_136' title='bbox 2149 2024 2348 2080; x_wconf 78' lang='lat' dir='ltr'>utetur</span> <span class='ocrx_word' id='word_1_137' title='bbox 2375 2031 2543 2096; x_wconf 85' lang='lat' dir='ltr'>patre</span> <span class='ocrx_word' id='word_1_138' title='bbox 2563 2042 2581 2095; x_wconf 90' lang='lat'>;</span> <span class='ocrx_word' id='word_1_139' title='bbox 2864 2048 2889 2096; x_wconf 81' lang='lat'><strong>5</strong></span> 
     </span>
     <span class='ocr_line' id='line_1_18' title="bbox 704 2101 2877 2196; baseline -0.001 -17"><span class='ocrx_word' id='word_1_140' title='bbox 704 2122 861 2179; x_wconf 89' lang='lat' dir='ltr'>Nam</span> <span class='ocrx_word' id='word_1_141' title='bbox 893 2131 952 2181; x_wconf 92' lang='lat' dir='ltr'>et</span> <span class='ocrx_word' id='word_1_142' title='bbox 981 2119 1383 2196; x_wconf 80' lang='lat' dir='ltr'>cognoscendi</span> <span class='ocrx_word' id='word_1_143' title='bbox 1414 2128 1474 2178; x_wconf 89' lang='lat' dir='ltr'>et</span> <span class='ocrx_word' id='word_1_144' title='bbox 1504 2119 1850 2195; x_wconf 86' lang='lat' dir='ltr'>ignoscendi</span> <span class='ocrx_word' id='word_1_145' title='bbox 1881 2119 2116 2178; x_wconf 75' lang='lat' dir='ltr'>dabitur</span> <span class='ocrx_word' id='word_1_146' title='bbox 2142 2122 2376 2194; x_wconf 87' lang='lat' dir='ltr'>peccati</span> <span class='ocrx_word' id='word_1_147' title='bbox 2403 2119 2566 2177; x_wconf 90' lang='lat' dir='ltr'>locus</span> <span class='ocrx_word' id='word_1_148' title='bbox 2590 2141 2602 2177; x_wconf 93' lang='lat'><strong>:</strong></span> <span class='ocrx_word' id='word_1_149' title='bbox 2871 2101 2877 2108; x_wconf 54' lang='grc'>’</span> 
     </span>
     <span class='ocr_line' id='line_1_19' title="bbox 704 2216 2683 2292; baseline -0.002 -14"><span class='ocrx_word' id='word_1_150' title='bbox 704 2219 846 2278; x_wconf 88' lang='lat' dir='ltr'>Non</span> <span class='ocrx_word' id='word_1_151' title='bbox 871 2221 938 2277; x_wconf 78' lang='lat' dir='ltr'>ut</span> <span class='ocrx_word' id='word_1_152' title='bbox 966 2235 1149 2291; x_wconf 65' lang='lat' dir='ltr'>mem,</span> <span class='ocrx_word' id='word_1_153' title='bbox 1179 2217 1281 2292; x_wconf 90' lang='lat' dir='ltr'>qui</span> <span class='ocrx_word' id='word_1_154' title='bbox 1310 2217 1454 2276; x_wconf 89' lang='lat' dir='ltr'>mihi</span> <span class='ocrx_word' id='word_1_155' title='bbox 1481 2235 1590 2292; x_wconf 90' lang='lat' dir='ltr'>per</span> <span class='ocrx_word' id='word_1_156' title='bbox 1619 2217 1796 2275; x_wconf 85' lang='lat' dir='ltr'>alium</span> <span class='ocrx_word' id='word_1_157' title='bbox 1828 2216 2087 2276; x_wconf 79' lang='lat' dir='ltr'>ostendit</span> <span class='ocrx_word' id='word_1_158' title='bbox 2118 2235 2284 2275; x_wconf 88' lang='lat' dir='ltr'>suam</span> <span class='ocrx_word' id='word_1_159' title='bbox 2313 2217 2683 2275; x_wconf 78' lang='lat' dir='ltr'>sententiam.</span> 
     </span>
     <span class='ocr_line' id='line_1_20' title="bbox 379 2315 2745 2390; baseline -0.001 -16"><span class='ocrx_word' id='word_1_160' title='bbox 379 2315 499 2374; x_wconf 88' lang='lat'>220</span> <span class='ocrx_word' id='word_1_161' title='bbox 702 2316 853 2374; x_wconf 91' lang='lat' dir='ltr'>Perii</span> <span class='ocrx_word' id='word_1_162' title='bbox 879 2318 892 2374; x_wconf 73' lang='lat' dir='ltr'>i</span> <span class='ocrx_word' id='word_1_163' title='bbox 935 2318 981 2374; x_wconf 86' lang='lat' dir='ltr'>is</span> <span class='ocrx_word' id='word_1_164' title='bbox 1011 2316 1110 2387; x_wconf 91' lang='lat' dir='ltr'>mi,</span> <span class='ocrx_word' id='word_1_165' title='bbox 1140 2315 1242 2374; x_wconf 92' lang='lat' dir='ltr'>ubi</span> <span class='ocrx_word' id='word_1_166' title='bbox 1267 2315 1493 2376; x_wconf 78' lang='lat' dir='ltr'>adbibit</span> <span class='ocrx_word' id='word_1_167' title='bbox 1522 2316 1653 2390; x_wconf 89' lang='lat' dir='ltr'>plus</span> <span class='ocrx_word' id='word_1_168' title='bbox 1682 2315 1879 2390; x_wconf 91' lang='lat' dir='ltr'>pau10,</span> <span class='ocrx_word' id='word_1_169' title='bbox 1910 2317 2014 2374; x_wconf 73' lang='lat' dir='ltr'>sua</span> <span class='ocrx_word' id='word_1_170' title='bbox 2040 2332 2193 2389; x_wconf 92' lang='lat' dir='ltr'>quae</span> <span class='ocrx_word' id='word_1_171' title='bbox 2221 2324 2416 2373; x_wconf 89' lang='lat' dir='ltr'>narrat</span> <span class='ocrx_word' id='word_1_172' title='bbox 2449 2315 2707 2373; x_wconf 79' lang='lat' dir='ltr'>facinora</span> <span class='ocrx_word' id='word_1_173' title='bbox 2732 2319 2745 2373; x_wconf 79' lang='lat' dir='ltr'>i</span> 
     </span>
     <span class='ocr_line' id='line_1_21' title="bbox 703 2412 2889 2492; baseline -0.001 -20"><span class='ocrx_word' id='word_1_174' title='bbox 703 2415 881 2472; x_wconf 88' lang='lat' dir='ltr'>Nunc</span> <span class='ocrx_word' id='word_1_175' title='bbox 908 2415 990 2472; x_wconf 86' lang='lat' dir='ltr'>ait</span> <span class='ocrx_word' id='word_1_176' title='bbox 1026 2413 1358 2492; x_wconf 60' lang='lat' dir='ltr'>(z&#39;mp&#39;tating</span> <span class='ocrx_word' id='word_1_177' title='bbox 1392 2413 1484 2471; x_wconf 75' lang='lat' dir='ltr'>his</span> <span class='ocrx_word' id='word_1_178' title='bbox 1508 2412 1773 2486; x_wconf 79' lang='lat' dir='ltr'>father&#39;s</span> <span class='ocrx_word' id='word_1_179' title='bbox 1801 2422 2093 2489; x_wconf 81' lang='lat' dir='ltr'>pompous</span> <span class='ocrx_word' id='word_1_180' title='bbox 2134 2412 2414 2489; x_wconf 85' lang='lat' dir='ltr'><em>manner)</em></span> <span class='ocrx_word' id='word_1_181' title='bbox 2454 2416 2470 2443; x_wconf 93' lang='lat'>‘</span> <span class='ocrx_word' id='word_1_182' title='bbox 2488 2412 2773 2488; x_wconf 89' lang='lat' dir='ltr'>periclum</span> <span class='ocrx_word' id='word_1_183' title='bbox 2814 2431 2889 2471; x_wconf 85' lang='lat' dir='ltr'>ex</span> 
     </span>
     <span class='ocr_line' id='line_1_22' title="bbox 1141 2509 2273 2586; baseline 0 -18"><span class='ocrx_word' id='word_1_184' title='bbox 1141 2510 1268 2568; x_wconf 75' lang='lat' dir='ltr'>aliis</span> <span class='ocrx_word' id='word_1_185' title='bbox 1295 2511 1493 2582; x_wconf 83' lang='lat' dir='ltr'>facitO,</span> <span class='ocrx_word' id='word_1_186' title='bbox 1524 2511 1630 2570; x_wconf 86' lang='lat' dir='ltr'>tibi</span> <span class='ocrx_word' id='word_1_187' title='bbox 1661 2511 1823 2586; x_wconf 93' lang='lat' dir='ltr'>quod</span> <span class='ocrx_word' id='word_1_188' title='bbox 1853 2529 1927 2569; x_wconf 88' lang='lat' dir='ltr'>ex</span> <span class='ocrx_word' id='word_1_189' title='bbox 1954 2513 2060 2569; x_wconf 77' lang='lat' dir='ltr'>usu</span> <span class='ocrx_word' id='word_1_190' title='bbox 2090 2509 2201 2568; x_wconf 88' lang='lat' dir='ltr'>siet</span> <span class='ocrx_word' id='word_1_191' title='bbox 2222 2511 2235 2536; x_wconf 90' lang='lat'>’</span> <span class='ocrx_word' id='word_1_192' title='bbox 2261 2532 2273 2569; x_wconf 73' lang='grc' dir='ltr'>ε</span> 
     </span>
     <span class='ocr_line' id='line_1_23' title="bbox 709 2606 2889 2685; baseline 0 -19"><span class='ocrx_word' id='word_1_193' title='bbox 709 2607 1059 2685; x_wconf 75' lang='lat' dir='ltr'>(shrugging</span> <span class='ocrx_word' id='word_1_194' title='bbox 1092 2608 1187 2667; x_wconf 76' lang='lat' dir='ltr'>his</span> <span class='ocrx_word' id='word_1_195' title='bbox 1227 2606 1564 2684; x_wconf 80' lang='lat' dir='ltr'>shoulders)</span> <span class='ocrx_word' id='word_1_196' title='bbox 1615 2610 1855 2667; x_wconf 78' lang='lat' dir='ltr'>Astutus</span> <span class='ocrx_word' id='word_1_197' title='bbox 1884 2611 1897 2666; x_wconf 71' lang='grc' dir='ltr'><strong>ἓ</strong></span> <span class='ocrx_word' id='word_1_198' title='bbox 1959 2626 2037 2666; x_wconf 92' lang='lat' dir='ltr'>ne</span> <span class='ocrx_word' id='word_1_199' title='bbox 2064 2608 2161 2666; x_wconf 92' lang='lat' dir='ltr'>ille</span> <span class='ocrx_word' id='word_1_200' title='bbox 2190 2607 2351 2665; x_wconf 90' lang='lat' dir='ltr'>haud</span> <span class='ocrx_word' id='word_1_201' title='bbox 2379 2610 2505 2680; x_wconf 88' lang='lat' dir='ltr'>scit,</span> <span class='ocrx_word' id='word_1_202' title='bbox 2536 2625 2715 2682; x_wconf 88' lang='lat' dir='ltr'>quam</span> <span class='ocrx_word' id='word_1_203' title='bbox 2744 2609 2889 2666; x_wconf 91' lang='lat' dir='ltr'>mihi</span> 
     </span>
    </p>
   </div>
   <div class='ocr_carea' id='block_1_8' title="bbox 380 2705 2889 3368">
    <p class='ocr_par' dir='ltr' id='par_1_8' title="bbox 380 2705 2889 3368">
     <span class='ocr_line' id='line_1_24' title="bbox 1139 2705 2889 2766; baseline 0 -3"><span class='ocrx_word' id='word_1_204' title='bbox 1139 2723 1298 2764; x_wconf 90' lang='lat' dir='ltr'>nunc</span> <span class='ocrx_word' id='word_1_205' title='bbox 1326 2705 1506 2764; x_wconf 69' lang='lat' dir='ltr'>surdo</span> <span class='ocrx_word' id='word_1_206' title='bbox 1536 2716 1733 2766; x_wconf 89' lang='lat' dir='ltr'>narret</span> <span class='ocrx_word' id='word_1_207' title='bbox 1764 2705 2037 2764; x_wconf 78' lang='lat' dir='ltr'>fabulam.</span> <span class='ocrx_word' id='word_1_208' title='bbox 2836 2733 2889 2763; x_wconf 82' lang='grc' dir='ltr'>ιο</span> 
     </span>
     <span class='ocr_line' id='line_1_25' title="bbox 700 2800 2889 2884; baseline -0.001 -22"><span class='ocrx_word' id='word_1_209' title='bbox 700 2803 894 2879; x_wconf 82' lang='lat' dir='ltr'>Magis</span> <span class='ocrx_word' id='word_1_210' title='bbox 934 2807 1093 2862; x_wconf 75' lang='lat' dir='ltr'>nunc</span> <span class='ocrx_word' id='word_1_211' title='bbox 1135 2821 1232 2862; x_wconf 89' lang='lat' dir='ltr'>me</span> <span class='ocrx_word' id='word_1_212' title='bbox 1272 2803 1500 2884; x_wconf 80' lang='lat' dir='ltr'>amicae</span> <span class='ocrx_word' id='word_1_213' title='bbox 1542 2803 1705 2862; x_wconf 85' lang='lat' dir='ltr'>dicta</span> <span class='ocrx_word' id='word_1_214' title='bbox 1748 2803 2047 2862; x_wconf 87' lang='lat' dir='ltr'>stimulant</span> <span class='ocrx_word' id='word_1_215' title='bbox 2089 2805 2106 2833; x_wconf 86' lang='lat'>‘</span> <span class='ocrx_word' id='word_1_216' title='bbox 2124 2800 2203 2861; x_wconf 77' lang='lat' dir='ltr'>da</span> <span class='ocrx_word' id='word_1_217' title='bbox 2245 2801 2388 2860; x_wconf 88' lang='lat' dir='ltr'>mihi</span> <span class='ocrx_word' id='word_1_218' title='bbox 2408 2803 2422 2829; x_wconf 78' lang='lat'>²</span> <span class='ocrx_word' id='word_1_219' title='bbox 2465 2807 2644 2879; x_wconf 89' lang='lat' dir='ltr'>atque</span> <span class='ocrx_word' id='word_1_220' title='bbox 2686 2806 2703 2834; x_wconf 86' lang='lat'>‘</span> <span class='ocrx_word' id='word_1_221' title='bbox 2720 2802 2889 2860; x_wconf 78' lang='lat' dir='ltr'>adfer</span> 
     </span>
     <span class='ocr_line' id='line_1_26' title="bbox 1139 2900 1358 2960; baseline 0 0"><span class='ocrx_word' id='word_1_222' title='bbox 1139 2900 1284 2960; x_wconf 90' lang='lat' dir='ltr'>mihi</span> <span class='ocrx_word' id='word_1_223' title='bbox 1308 2903 1321 2928; x_wconf 94' lang='lat'>&#39;</span> <span class='ocrx_word' id='word_1_224' title='bbox 1346 2923 1358 2960; x_wconf 91' lang='lat'>:</span> 
     </span>
     <span class='ocr_line' id='line_1_27' title="bbox 701 2998 2882 3074; baseline -0 -18"><span class='ocrx_word' id='word_1_225' title='bbox 701 2998 861 3073; x_wconf 88' lang='lat' dir='ltr'>Quoi</span> <span class='ocrx_word' id='word_1_226' title='bbox 881 2999 1045 3074; x_wconf 66' lang='lat' dir='ltr'>qued</span> <span class='ocrx_word' id='word_1_227' title='bbox 1069 2999 1462 3074; x_wconf 77' lang='lat' dir='ltr'>respondeam</span> <span class='ocrx_word' id='word_1_228' title='bbox 1486 2999 1568 3057; x_wconf 89' lang='lat' dir='ltr'>nil</span> <span class='ocrx_word' id='word_1_229' title='bbox 1589 2999 1783 3058; x_wconf 91' lang='lat' dir='ltr'>habeo</span> <span class='ocrx_word' id='word_1_230' title='bbox 1804 3019 1822 3072; x_wconf 80' lang='lat'>3</span> <span class='ocrx_word' id='word_1_231' title='bbox 1865 3001 2059 3074; x_wconf 77' lang='lat' dir='ltr'>neque</span> <span class='ocrx_word' id='word_1_232' title='bbox 2082 3017 2179 3057; x_wconf 89' lang='lat' dir='ltr'>me</span> <span class='ocrx_word' id='word_1_233' title='bbox 2201 2998 2568 3074; x_wconf 88' lang='lat' dir='ltr'><strong>quisquamst</strong></span> <span class='ocrx_word' id='word_1_234' title='bbox 2595 2999 2882 3056; x_wconf 88' lang='lat' dir='ltr'>miserior.</span> 
     </span>
     <span class='ocr_line' id='line_1_28' title="bbox 380 3093 2769 3171; baseline -0 -17"><span class='ocrx_word' id='word_1_235' title='bbox 380 3093 498 3154; x_wconf 86' lang='lat'>225</span> <span class='ocrx_word' id='word_1_236' title='bbox 700 3096 857 3154; x_wconf 88' lang='lat' dir='ltr'>Nam</span> <span class='ocrx_word' id='word_1_237' title='bbox 885 3095 984 3154; x_wconf 85' lang='lat' dir='ltr'>hic</span> <span class='ocrx_word' id='word_1_238' title='bbox 1013 3096 1220 3168; x_wconf 85' lang='lat' dir='ltr'>Clinia,</span> <span class='ocrx_word' id='word_1_239' title='bbox 1251 3093 1360 3155; x_wconf 86' lang='lat' dir='ltr'>etsi</span> <span class='ocrx_word' id='word_1_240' title='bbox 1389 3097 1438 3155; x_wconf 89' lang='lat' dir='ltr'>is</span> <span class='ocrx_word' id='word_1_241' title='bbox 1466 3100 1704 3171; x_wconf 79' lang='lat' dir='ltr'>quoque</span> <span class='ocrx_word' id='word_1_242' title='bbox 1734 3115 1969 3156; x_wconf 88' lang='lat' dir='ltr'>suarum</span> <span class='ocrx_word' id='word_1_243' title='bbox 1998 3098 2191 3155; x_wconf 76' lang='lat' dir='ltr'>rerum</span> <span class='ocrx_word' id='word_1_244' title='bbox 2222 3106 2311 3154; x_wconf 90' lang='lat' dir='ltr'>sat</span> <span class='ocrx_word' id='word_1_245' title='bbox 2340 3095 2538 3171; x_wconf 81' lang='lat' dir='ltr'>agitat,</span> <span class='ocrx_word' id='word_1_246' title='bbox 2568 3105 2769 3154; x_wconf 89' lang='lat' dir='ltr'>tamen</span> 
     </span>
     <span class='ocr_line' id='line_1_29' title="bbox 703 3193 2626 3270; baseline -0.001 -19"><span class='ocrx_word' id='word_1_247' title='bbox 703 3193 907 3252; x_wconf 74' lang='lat' dir='ltr'>Habet</span> <span class='ocrx_word' id='word_1_248' title='bbox 935 3194 1088 3253; x_wconf 91' lang='lat' dir='ltr'>bene</span> <span class='ocrx_word' id='word_1_249' title='bbox 1119 3203 1180 3252; x_wconf 92' lang='lat' dir='ltr'>et</span> <span class='ocrx_word' id='word_1_250' title='bbox 1207 3194 1424 3268; x_wconf 85' lang='lat' dir='ltr'>pudice</span> <span class='ocrx_word' id='word_1_251' title='bbox 1455 3193 1752 3267; x_wconf 86' lang='lat' dir='ltr'>eductam,</span> <span class='ocrx_word' id='word_1_252' title='bbox 1785 3194 2046 3270; x_wconf 78' lang='lat' dir='ltr'>ignaram</span> <span class='ocrx_word' id='word_1_253' title='bbox 2076 3194 2213 3252; x_wconf 89' lang='lat' dir='ltr'>artis</span> <span class='ocrx_word' id='word_1_254' title='bbox 2241 3193 2626 3251; x_wconf 84' lang='lat' dir='ltr'>meretriciae.</span> 
     </span>
     <span class='ocr_line' id='line_1_30' title="bbox 700 3290 2886 3368; baseline 0 -20"><span class='ocrx_word' id='word_1_255' title='bbox 700 3291 897 3349; x_wconf 90' lang='lat' dir='ltr'>Meast</span> <span class='ocrx_word' id='word_1_256' title='bbox 924 3292 1221 3367; x_wconf 77' lang='lat' dir='ltr'>inpotens,</span> <span class='ocrx_word' id='word_1_257' title='bbox 1251 3293 1490 3366; x_wconf 76' lang='lat' dir='ltr'>procax,</span> <span class='ocrx_word' id='word_1_258' title='bbox 1519 3291 1848 3368; x_wconf 84' lang='lat' dir='ltr'>magnifica,</span> <span class='ocrx_word' id='word_1_259' title='bbox 1878 3294 2240 3366; x_wconf 77' lang='lat' dir='ltr'>sumptuosa,</span> <span class='ocrx_word' id='word_1_260' title='bbox 2270 3290 2500 3350; x_wconf 80' lang='lat' dir='ltr'>nohilis.</span> <span class='ocrx_word' id='word_1_261' title='bbox 2835 3317 2886 3365; x_wconf 83' lang='lat'>15</span> 
     </span>
    </p>
   </div>
   <div class='ocr_carea' id='block_1_9' title="bbox 699 3386 2888 3561">
    <p class='ocr_par' dir='ltr' id='par_1_9' title="bbox 699 3386 2888 3561">
     <span class='ocr_line' id='line_1_31' title="bbox 699 3386 2888 3464; baseline 0.001 -19"><span class='ocrx_word' id='word_1_262' title='bbox 699 3389 856 3445; x_wconf 92' lang='lat' dir='ltr'>Tum</span> <span class='ocrx_word' id='word_1_263' title='bbox 883 3386 1047 3462; x_wconf 76' lang='lat' dir='ltr'>quod</span> <span class='ocrx_word' id='word_1_264' title='bbox 1075 3387 1215 3446; x_wconf 90' lang='lat' dir='ltr'>dem</span> <span class='ocrx_word' id='word_1_265' title='bbox 1245 3389 1320 3462; x_wconf 90' lang='lat' dir='ltr'>ei,</span> <span class='ocrx_word' id='word_1_266' title='bbox 1353 3391 1574 3448; x_wconf 89' lang='lat' dir='ltr'>‘recte&#39;</span> <span class='ocrx_word' id='word_1_267' title='bbox 1605 3398 1695 3448; x_wconf 89' lang='lat' dir='ltr'>est</span> <span class='ocrx_word' id='word_1_268' title='bbox 1715 3409 1732 3462; x_wconf 90' lang='lat'>;</span> <span class='ocrx_word' id='word_1_269' title='bbox 1775 3392 1913 3447; x_wconf 75' lang='lat' dir='ltr'>nam</span> <span class='ocrx_word' id='word_1_270' title='bbox 1941 3389 2023 3448; x_wconf 89' lang='lat' dir='ltr'>nil</span> <span class='ocrx_word' id='word_1_271' title='bbox 2054 3407 2181 3448; x_wconf 89' lang='lat' dir='ltr'>esse</span> <span class='ocrx_word' id='word_1_272' title='bbox 2213 3389 2356 3446; x_wconf 90' lang='lat' dir='ltr'>mihi</span> <span class='ocrx_word' id='word_1_273' title='bbox 2384 3387 2644 3464; x_wconf 87' lang='lat' dir='ltr'>religiost</span> <span class='ocrx_word' id='word_1_274' title='bbox 2666 3388 2888 3448; x_wconf 83' lang='lat' dir='ltr'>dicere.</span> 
     </span>
     <span class='ocr_line' id='line_1_32' title="bbox 703 3485 2763 3561; baseline 0.001 -19"><span class='ocrx_word' id='word_1_275' title='bbox 703 3486 844 3543; x_wconf 88' lang='lat' dir='ltr'>Hoc</span> <span class='ocrx_word' id='word_1_276' title='bbox 872 3487 986 3560; x_wconf 80' lang='lat' dir='ltr'>ego</span> <span class='ocrx_word' id='word_1_277' title='bbox 1013 3485 1151 3544; x_wconf 89' lang='lat' dir='ltr'>mali</span> <span class='ocrx_word' id='word_1_278' title='bbox 1177 3504 1299 3544; x_wconf 87' lang='lat' dir='ltr'>non</span> <span class='ocrx_word' id='word_1_279' title='bbox 1327 3485 1558 3561; x_wconf 89' lang='lat' dir='ltr'>pridem</span> <span class='ocrx_word' id='word_1_280' title='bbox 1586 3486 1803 3558; x_wconf 89' lang='lat' dir='ltr'>inueni,</span> <span class='ocrx_word' id='word_1_281' title='bbox 1833 3488 2028 3560; x_wconf 79' lang='lat' dir='ltr'>neque</span> <span class='ocrx_word' id='word_1_282' title='bbox 2059 3486 2236 3545; x_wconf 86' lang='lat' dir='ltr'>etiam</span> <span class='ocrx_word' id='word_1_283' title='bbox 2266 3485 2409 3544; x_wconf 90' lang='lat' dir='ltr'>dum</span> <span class='ocrx_word' id='word_1_284' title='bbox 2438 3489 2547 3545; x_wconf 90' lang='lat' dir='ltr'>scit</span> <span class='ocrx_word' id='word_1_285' title='bbox 2575 3495 2763 3560; x_wconf 87' lang='lat' dir='ltr'>pater.</span> 
     </span>
    </p>
   </div>
  </div>
 </body>
</html>
