<?xml version="1.0" encoding="UTF-8"?>
<!DOCTYPE html PUBLIC "-//W3C//DTD XHTML 1.0 Transitional//EN"
    "http://www.w3.org/TR/xhtml1/DTD/xhtml1-transitional.dtd">
<html xmlns="http://www.w3.org/1999/xhtml" xml:lang="en" lang="en">
 <head>
  <title>
</title>
<meta http-equiv="Content-Type" content="text/html;charset=utf-8" />
  <meta name='ocr-system' content='tesseract 3.04.00' />
  <meta name='ocr-capabilities' content='ocr_page ocr_carea ocr_par ocr_line ocrx_word'/>
</head>
<body>
  <div class='ocr_page' id='page_1' title='image "./pterentiafripho00rolfgoog/pterentiafripho00rolfgoog_0068.png"; bbox 0 0 3259 4134; ppageno 0'>
   <div class='ocr_carea' id='block_1_1' title="bbox 451 269 2968 337">
    <p class='ocr_par' dir='ltr' id='par_1_1' title="bbox 451 269 2968 337">
     <span class='ocr_line' id='line_1_1' title="bbox 451 269 2968 337; baseline 0 -16"><span class='ocrx_word' id='word_1_1' title='bbox 451 269 520 321; x_wconf 81' lang='lat'><strong>64</strong></span> <span class='ocrx_word' id='word_1_2' title='bbox 1534 269 1895 319; x_wconf 78' lang='lat' dir='ltr'><em>PHORMJO.</em></span> <span class='ocrx_word' id='word_1_3' title='bbox 2662 269 2968 337; x_wconf 79' lang='lat' dir='ltr'><strong>[v.9.52-66.</strong></span> 
     </span>
    </p>
   </div>
   <div class='ocr_carea' id='block_1_2' title="bbox 451 448 2800 2784">
    <p class='ocr_par' dir='ltr' id='par_1_2' title="bbox 451 448 2800 2784">
     <span class='ocr_line' id='line_1_2' title="bbox 781 448 2710 527; baseline 0.001 -17"><span class='ocrx_word' id='word_1_4' title='bbox 781 453 989 510; x_wconf 81' lang='lat' dir='ltr'><strong>Homo</strong></span> <span class='ocrx_word' id='word_1_5' title='bbox 1018 448 1366 527; x_wconf 60' lang='lat' dir='ltr'><strong>adolescens</strong></span> <span class='ocrx_word' id='word_1_6' title='bbox 1395 450 1442 508; x_wconf 90' lang='lat' dir='ltr'><strong>si</strong></span> <span class='ocrx_word' id='word_1_7' title='bbox 1472 449 1653 510; x_wconf 85' lang='lat' dir='ltr'><strong>habet</strong></span> <span class='ocrx_word' id='word_1_8' title='bbox 1680 467 1859 508; x_wconf 86' lang='lat' dir='ltr'><strong>unam</strong></span> <span class='ocrx_word' id='word_1_9' title='bbox 1888 453 2160 524; x_wconf 80' lang='lat' dir='ltr'><strong>amicam,</strong></span> <span class='ocrx_word' id='word_1_10' title='bbox 2190 460 2253 510; x_wconf 85' lang='lat' dir='ltr'><strong>tu</strong></span> <span class='ocrx_word' id='word_1_11' title='bbox 2282 453 2491 510; x_wconf 80' lang='lat' dir='ltr'><strong>uxores</strong></span> <span class='ocrx_word' id='word_1_12' title='bbox 2520 451 2710 512; x_wconf 82' lang='lat' dir='ltr'><strong>duas?</strong></span> 
     </span>
     <span class='ocr_line' id='line_1_3' title="bbox 781 547 2595 626; baseline 0.001 -20"><span class='ocrx_word' id='word_1_13' title='bbox 781 548 881 606; x_wconf 91' lang='lat' dir='ltr'><strong>Nil</strong></span> <span class='ocrx_word' id='word_1_14' title='bbox 909 547 1132 624; x_wconf 90' lang='lat' dir='ltr'><strong>pudere</strong></span> <span class='ocrx_word' id='word_1_15' title='bbox 1149 550 1177 607; x_wconf 83' lang='lat'><strong>?</strong></span> <span class='ocrx_word' id='word_1_16' title='bbox 1218 566 1338 624; x_wconf 90' lang='lat' dir='ltr'><strong>quo</strong></span> <span class='ocrx_word' id='word_1_17' title='bbox 1366 550 1470 607; x_wconf 83' lang='lat' dir='ltr'><strong>ore</strong></span> <span class='ocrx_word' id='word_1_18' title='bbox 1499 547 1662 606; x_wconf 87' lang='lat' dir='ltr'><strong>illum</strong></span> <span class='ocrx_word' id='word_1_19' title='bbox 1691 547 2027 624; x_wconf 74' lang='lat' dir='ltr'><strong>obiurgabis</strong></span> <span class='ocrx_word' id='word_1_20' title='bbox 2041 550 2070 608; x_wconf 83' lang='lat'><strong>?</strong></span> <span class='ocrx_word' id='word_1_21' title='bbox 2108 547 2403 626; x_wconf 76' lang='lat' dir='ltr'><strong>responde</strong></span> <span class='ocrx_word' id='word_1_22' title='bbox 2432 549 2595 608; x_wconf 82' lang='lat' dir='ltr'><strong>mihi.</strong></span> 
     </span>
     <span class='ocr_line' id='line_1_4' title="bbox 634 646 2767 722; baseline -0 -15"><span class='ocrx_word' id='word_1_23' title='bbox 634 648 749 707; x_wconf 72' lang='lat' dir='ltr'><strong>DE.</strong></span> <span class='ocrx_word' id='word_1_24' title='bbox 781 646 987 707; x_wconf 77' lang='lat' dir='ltr'><strong>Faciet</strong></span> <span class='ocrx_word' id='word_1_25' title='bbox 1013 657 1080 705; x_wconf 90' lang='lat' dir='ltr'><strong>ut</strong></span> <span class='ocrx_word' id='word_1_26' title='bbox 1105 646 1288 706; x_wconf 75' lang='lat' dir='ltr'><strong>uoles,</strong></span> <span class='ocrx_word' id='word_1_27' title='bbox 1335 718 1339 722; x_wconf 30' lang='grc'><strong>,</strong></span> <span class='ocrx_word' id='word_1_28' title='bbox 1373 646 1488 706; x_wconf 78' lang='grc' dir='ltr'><strong>ΝΑ.</strong></span> <span class='ocrx_word' id='word_1_29' title='bbox 1533 647 1730 705; x_wconf 89' lang='lat' dir='ltr'><strong>Immo</strong></span> <span class='ocrx_word' id='word_1_30' title='bbox 1756 656 1822 705; x_wconf 92' lang='lat' dir='ltr'><strong>ut</strong></span> <span class='ocrx_word' id='word_1_31' title='bbox 1851 665 2045 706; x_wconf 88' lang='lat' dir='ltr'><strong>meam</strong></span> <span class='ocrx_word' id='word_1_32' title='bbox 2072 647 2189 706; x_wconf 73' lang='lat' dir='ltr'><strong>iam</strong></span> <span class='ocrx_word' id='word_1_33' title='bbox 2218 647 2367 708; x_wconf 82' lang='lat' dir='ltr'><strong>scias</strong></span> <span class='ocrx_word' id='word_1_34' title='bbox 2396 648 2767 722; x_wconf 71' lang='lat' dir='ltr'><strong>sententiam,</strong></span> 
     </span>
     <span class='ocr_line' id='line_1_5' title="bbox 781 744 2800 827; baseline 0 -22"><span class='ocrx_word' id='word_1_35' title='bbox 781 745 994 821; x_wconf 80' lang='lat' dir='ltr'><strong>Neque</strong></span> <span class='ocrx_word' id='word_1_36' title='bbox 1045 762 1158 822; x_wconf 86' lang='lat' dir='ltr'><strong>ego</strong></span> <span class='ocrx_word' id='word_1_37' title='bbox 1206 744 1454 820; x_wconf 88' lang='lat' dir='ltr'>ignosco</span> <span class='ocrx_word' id='word_1_38' title='bbox 1499 747 1697 820; x_wconf 83' lang='lat' dir='ltr'><strong>neque</strong></span> <span class='ocrx_word' id='word_1_39' title='bbox 1751 745 2037 822; x_wconf 89' lang='lat' dir='ltr'><strong>promitto</strong></span> <span class='ocrx_word' id='word_1_40' title='bbox 2091 749 2409 822; x_wconf 77' lang='lat' dir='ltr'><strong>quicquam</strong></span> <span class='ocrx_word' id='word_1_41' title='bbox 2460 763 2655 827; x_wconf 86' lang='lat' dir='ltr'><strong>neque</strong></span> <span class='ocrx_word' id='word_1_42' title='bbox 2710 765 2800 806; x_wconf 89' lang='lat' dir='ltr'><strong>re-</strong></span> 
     </span>
     <span class='ocr_line' id='line_1_6' title="bbox 511 841 1532 920; baseline 0 -18"><span class='ocrx_word' id='word_1_43' title='bbox 511 883 516 888; x_wconf 86' lang='lat'><em>·</em></span> <span class='ocrx_word' id='word_1_44' title='bbox 1258 841 1532 920; x_wconf 82' lang='lat' dir='ltr'><strong>spondeo</strong></span> 
     </span>
     <span class='ocr_line' id='line_1_7' title="bbox 453 940 2668 1018; baseline 0.001 -18"><span class='ocrx_word' id='word_1_45' title='bbox 453 941 610 1001; x_wconf 87' lang='lat'>1045</span> <span class='ocrx_word' id='word_1_46' title='bbox 778 945 940 1002; x_wconf 84' lang='lat' dir='ltr'><strong>Prius</strong></span> <span class='ocrx_word' id='word_1_47' title='bbox 969 960 1147 1018; x_wconf 85' lang='lat' dir='ltr'><strong>quam</strong></span> <span class='ocrx_word' id='word_1_48' title='bbox 1177 951 1420 1017; x_wconf 86' lang='lat' dir='ltr'><strong>gnatum</strong></span> <span class='ocrx_word' id='word_1_49' title='bbox 1447 940 1692 1001; x_wconf 77' lang='lat' dir='ltr'><strong>uldero:</strong></span> <span class='ocrx_word' id='word_1_50' title='bbox 1738 941 1863 1000; x_wconf 87' lang='lat' dir='ltr'><strong>eius</strong></span> <span class='ocrx_word' id='word_1_51' title='bbox 1890 941 2112 1001; x_wconf 89' lang='lat' dir='ltr'><strong>iudicio</strong></span> <span class='ocrx_word' id='word_1_52' title='bbox 2138 942 2419 1018; x_wconf 89' lang='lat' dir='ltr'><strong>permitto</strong></span> <span class='ocrx_word' id='word_1_53' title='bbox 2446 942 2668 1002; x_wconf 82' lang='lat' dir='ltr'><strong>omnia.</strong></span> 
     </span>
     <span class='ocr_line' id='line_1_8' title="bbox 777 1039 2797 1116; baseline 0 -18"><span class='ocrx_word' id='word_1_54' title='bbox 777 1041 959 1116; x_wconf 83' lang='lat' dir='ltr'><strong>Quod</strong></span> <span class='ocrx_word' id='word_1_55' title='bbox 992 1040 1038 1098; x_wconf 87' lang='lat' dir='ltr'><strong>is</strong></span> <span class='ocrx_word' id='word_1_56' title='bbox 1067 1040 1294 1100; x_wconf 88' lang='lat' dir='ltr'><strong>iubebit</strong></span> <span class='ocrx_word' id='word_1_57' title='bbox 1324 1039 1554 1098; x_wconf 71' lang='lat' dir='ltr'><strong>faciam.</strong></span> <span class='ocrx_word' id='word_1_58' title='bbox 1640 1041 1749 1099; x_wconf 79' lang='grc' dir='ltr'><strong>ΡΗ.</strong></span> <span class='ocrx_word' id='word_1_59' title='bbox 1794 1040 2011 1099; x_wconf 90' lang='lat' dir='ltr'>Mulier</span> <span class='ocrx_word' id='word_1_60' title='bbox 2036 1041 2273 1116; x_wconf 72' lang='lat' dir='ltr'><strong>sapiens</strong></span> <span class='ocrx_word' id='word_1_61' title='bbox 2300 1059 2382 1113; x_wconf 77' lang='lat' dir='ltr'><strong>eS,</strong></span> <span class='ocrx_word' id='word_1_62' title='bbox 2415 1041 2797 1101; x_wconf 82' lang='lat' dir='ltr'><strong>Nausistrata.</strong></span> 
     </span>
     <span class='ocr_line' id='line_1_9' title="bbox 525 1136 2789 1217; baseline -0 -20"><span class='ocrx_word' id='word_1_63' title='bbox 525 1174 530 1180; x_wconf 94' lang='lat'>·</span> <span class='ocrx_word' id='word_1_64' title='bbox 626 1140 742 1198; x_wconf 72' lang='lat' dir='ltr'><strong>NA.</strong></span> <span class='ocrx_word' id='word_1_65' title='bbox 771 1138 860 1217; x_wconf 85' lang='lat' dir='ltr'><strong>(to</strong></span> <span class='ocrx_word' id='word_1_66' title='bbox 919 1138 1231 1215; x_wconf 79' lang='lat' dir='ltr'><strong>DEMu’Ho)</strong></span> <span class='ocrx_word' id='word_1_67' title='bbox 1287 1137 1449 1198; x_wconf 72' lang='lat' dir='ltr'><strong>Satin</strong></span> <span class='ocrx_word' id='word_1_68' title='bbox 1505 1136 1706 1197; x_wconf 88' lang='lat' dir='ltr'><strong>tibist?</strong></span> <span class='ocrx_word' id='word_1_69' title='bbox 1804 1140 1918 1197; x_wconf 83' lang='lat' dir='ltr'><strong>DE.</strong></span> <span class='ocrx_word' id='word_1_70' title='bbox 1972 1139 2093 1198; x_wconf 83' lang='lat' dir='ltr'><strong>Ita.</strong></span> <span class='ocrx_word' id='word_1_71' title='bbox 2194 1139 2310 1198; x_wconf 79' lang='lat' dir='ltr'><strong>CH.</strong></span> <span class='ocrx_word' id='word_1_72' title='bbox 2373 1137 2463 1215; x_wconf 83' lang='lat' dir='ltr'><strong>(to</strong></span> <span class='ocrx_word' id='word_1_73' title='bbox 2517 1136 2789 1215; x_wconf 67' lang='lat' dir='ltr'><strong>himself)</strong></span> 
     </span>
     <span class='ocr_line' id='line_1_10' title="bbox 1153 1219 2485 1312; baseline 0.002 -18"><span class='ocrx_word' id='word_1_74' title='bbox 1153 1297 1156 1302; x_wconf 71' lang='grc'><strong>,</strong></span> <span class='ocrx_word' id='word_1_75' title='bbox 1263 1219 1460 1295; x_wconf 82' lang='lat' dir='ltr'><strong>1mmo</strong></span> <span class='ocrx_word' id='word_1_76' title='bbox 1487 1254 1632 1295; x_wconf 88' lang='lat' dir='ltr'><strong>uero</strong></span> <span class='ocrx_word' id='word_1_77' title='bbox 1660 1236 1904 1312; x_wconf 73' lang='lat' dir='ltr'><strong>pfilchre</strong></span> <span class='ocrx_word' id='word_1_78' title='bbox 1934 1235 2181 1295; x_wconf 87' lang='lat' dir='ltr'><strong>discedo</strong></span> <span class='ocrx_word' id='word_1_79' title='bbox 2210 1239 2271 1295; x_wconf 81' lang='lat' dir='ltr'><strong>et</strong></span> <span class='ocrx_word' id='word_1_80' title='bbox 2298 1237 2485 1312; x_wconf 86' lang='lat' dir='ltr'><strong>probe</strong></span> 
     </span>
     <span class='ocr_line' id='line_1_11' title="bbox 666 1319 2797 1411; baseline -0 -17"><span class='ocrx_word' id='word_1_81' title='bbox 666 1346 670 1352; x_wconf 82' lang='grc'><strong>“</strong></span> <span class='ocrx_word' id='word_1_82' title='bbox 775 1319 856 1394; x_wconf 78' lang='lat' dir='ltr'><strong>Et</strong></span> <span class='ocrx_word' id='word_1_83' title='bbox 893 1344 1126 1411; x_wconf 90' lang='lat' dir='ltr'><strong>praeter</strong></span> <span class='ocrx_word' id='word_1_84' title='bbox 1154 1351 1344 1411; x_wconf 87' lang='lat' dir='ltr'><strong>spem.</strong></span> <span class='ocrx_word' id='word_1_85' title='bbox 1427 1335 1541 1393; x_wconf 83' lang='lat' dir='ltr'><strong>NA.</strong></span> <span class='ocrx_word' id='word_1_86' title='bbox 1583 1335 1677 1392; x_wconf 66' lang='lat' dir='ltr'><strong>Ta</strong></span> <span class='ocrx_word' id='word_1_87' title='bbox 1721 1343 1885 1393; x_wconf 89' lang='lat' dir='ltr'><strong>tuom</strong></span> <span class='ocrx_word' id='word_1_88' title='bbox 1926 1330 2149 1393; x_wconf 88' lang='lat' dir='ltr'><strong>nom&#39;en</strong></span> <span class='ocrx_word' id='word_1_89' title='bbox 2188 1334 2288 1393; x_wconf 87' lang='lat' dir='ltr'><strong>dic</strong></span> <span class='ocrx_word' id='word_1_90' title='bbox 2330 1334 2475 1393; x_wconf 85' lang='lat' dir='ltr'><strong>mihi</strong></span> <span class='ocrx_word' id='word_1_91' title='bbox 2516 1333 2661 1410; x_wconf 87' lang='lat' dir='ltr'><strong>quid</strong></span> <span class='ocrx_word' id='word_1_92' title='bbox 2702 1334 2797 1393; x_wconf 81' lang='lat' dir='ltr'><strong>sit.</strong></span> 
     </span>
     <span class='ocr_line' id='line_1_12' title="bbox 1262 1432 1731 1492; baseline 0.004 -2"><span class='ocrx_word' id='word_1_93' title='bbox 1262 1434 1371 1491; x_wconf 77' lang='grc' dir='ltr'><strong>ΡΗ.</strong></span> <span class='ocrx_word' id='word_1_94' title='bbox 1416 1432 1731 1492; x_wconf 80' lang='lat' dir='ltr'><strong>Phormio:</strong></span> 
     </span>
     <span class='ocr_line' id='line_1_13' title="bbox 772 1529 2669 1590; baseline 0.001 -3"><span class='ocrx_word' id='word_1_95' title='bbox 772 1530 1019 1590; x_wconf 83' lang='lat' dir='ltr'><strong>Vostrae</strong></span> <span class='ocrx_word' id='word_1_96' title='bbox 1052 1530 1305 1588; x_wconf 83' lang='lat' dir='ltr'><strong>familiae</strong></span> <span class='ocrx_word' id='word_1_97' title='bbox 1334 1529 1530 1588; x_wconf 79' lang='lat' dir='ltr'><strong>hercle</strong></span> <span class='ocrx_word' id='word_1_98' title='bbox 1559 1529 1784 1588; x_wconf 88' lang='lat' dir='ltr'><strong>amicus</strong></span> <span class='ocrx_word' id='word_1_99' title='bbox 1812 1532 1873 1588; x_wconf 80' lang='lat' dir='ltr'><strong>et</strong></span> <span class='ocrx_word' id='word_1_100' title='bbox 1901 1539 2003 1588; x_wconf 93' lang='lat' dir='ltr'><strong>tuo</strong></span> <span class='ocrx_word' id='word_1_101' title='bbox 2032 1548 2296 1590; x_wconf 88' lang='lat' dir='ltr'><strong>summus</strong></span> <span class='ocrx_word' id='word_1_102' title='bbox 2326 1529 2669 1589; x_wconf 80' lang='lat' dir='ltr'><strong>Phaedriae.</strong></span> 
     </span>
     <span class='ocr_line' id='line_1_14' title="bbox 451 1625 2797 1705; baseline 0 -21"><span class='ocrx_word' id='word_1_103' title='bbox 451 1625 608 1686; x_wconf 86' lang='grc'><strong>1050</strong></span> <span class='ocrx_word' id='word_1_104' title='bbox 623 1629 682 1686; x_wconf 96' lang='lat' dir='ltr'>N</span> <span class='ocrx_word' id='word_1_105' title='bbox 682 1645 738 1687; x_wconf 77' lang='grc' dir='ltr'><strong>Α.</strong></span> <span class='ocrx_word' id='word_1_106' title='bbox 775 1628 1072 1702; x_wconf 83' lang='lat' dir='ltr'><strong>Ph6rmio‚</strong></span> <span class='ocrx_word' id='word_1_107' title='bbox 1097 1638 1158 1687; x_wconf 92' lang='lat' dir='ltr'><strong>at</strong></span> <span class='ocrx_word' id='word_1_108' title='bbox 1187 1646 1298 1705; x_wconf 86' lang='lat' dir='ltr'><strong>ego</strong></span> <span class='ocrx_word' id='word_1_109' title='bbox 1327 1630 1560 1686; x_wconf 81' lang='lat' dir='ltr'><strong>ecastor</strong></span> <span class='ocrx_word' id='word_1_110' title='bbox 1585 1627 1835 1703; x_wconf 89' lang='lat' dir='ltr'><strong>posthac</strong></span> <span class='ocrx_word' id='word_1_111' title='bbox 1864 1627 1968 1686; x_wconf 87' lang='lat' dir='ltr'><strong>tibi</strong></span> <span class='ocrx_word' id='word_1_112' title='bbox 1996 1626 2160 1702; x_wconf 87' lang='lat' dir='ltr'><strong>quod</strong></span> <span class='ocrx_word' id='word_1_113' title='bbox 2188 1637 2419 1703; x_wconf 91' lang='lat' dir='ltr'><strong>poter0,</strong></span> <span class='ocrx_word' id='word_1_114' title='bbox 2442 1626 2605 1703; x_wconf 80' lang='lat' dir='ltr'><strong>quod</strong></span> <span class='ocrx_word' id='word_1_115' title='bbox 2633 1627 2797 1686; x_wconf 86' lang='lat' dir='ltr'><strong>uoles</strong></span> 
     </span>
     <span class='ocr_line' id='line_1_15' title="bbox 778 1725 2797 1802; baseline 0 -18"><span class='ocrx_word' id='word_1_116' title='bbox 778 1726 1136 1802; x_wconf 68' lang='lat' dir='ltr'><strong>Faciamque</strong></span> <span class='ocrx_word' id='word_1_117' title='bbox 1182 1736 1243 1785; x_wconf 90' lang='lat' dir='ltr'><strong>et</strong></span> <span class='ocrx_word' id='word_1_118' title='bbox 1288 1725 1498 1784; x_wconf 78' lang='lat' dir='ltr'><strong>dicam.</strong></span> <span class='ocrx_word' id='word_1_119' title='bbox 1585 1726 1697 1784; x_wconf 79' lang='grc' dir='ltr'><strong>ΡΗ.</strong></span> <span class='ocrx_word' id='word_1_120' title='bbox 1745 1725 2009 1800; x_wconf 85' lang='lat' dir='ltr'><strong>Benigne</strong></span> <span class='ocrx_word' id='word_1_121' title='bbox 2054 1726 2223 1785; x_wconf 72' lang='lat' dir='ltr'><strong>dicis·</strong></span> <span class='ocrx_word' id='word_1_122' title='bbox 2308 1727 2424 1785; x_wconf 75' lang='lat' dir='ltr'><strong>NA.</strong></span> <span class='ocrx_word' id='word_1_123' title='bbox 2474 1725 2582 1784; x_wconf 94' lang='lat' dir='ltr'><strong>Pol</strong></span> <span class='ocrx_word' id='word_1_124' title='bbox 2626 1725 2797 1784; x_wconf 88' lang='lat' dir='ltr'><strong>meri-</strong></span> 
     </span>
     <span class='ocr_line' id='line_1_16' title="bbox 1259 1813 2191 1883; baseline 0 -2"><span class='ocrx_word' id='word_1_125' title='bbox 1259 1826 1442 1882; x_wconf 68' lang='lat' dir='ltr'><strong>tt&#39;xmst</strong></span> <span class='ocrx_word' id='word_1_126' title='bbox 1467 1826 1653 1883; x_wconf 81' lang='lat' dir='ltr'><strong>tuom.</strong></span> <span class='ocrx_word' id='word_1_127' title='bbox 2182 1813 2191 1822; x_wconf 74' lang='grc'><em>’</em></span> 
     </span>
     <span class='ocr_line' id='line_1_17' title="bbox 627 1909 2691 1998; baseline 0 -18"><span class='ocrx_word' id='word_1_128' title='bbox 627 1923 736 1982; x_wconf 83' lang='grc' dir='ltr'><strong>ΡΗ.</strong></span> <span class='ocrx_word' id='word_1_129' title='bbox 768 1923 884 1980; x_wconf 79' lang='lat' dir='ltr'><strong>V1n</strong></span> <span class='ocrx_word' id='word_1_130' title='bbox 913 1923 1170 1998; x_wconf 87' lang='lat' dir='ltr'><strong>primum</strong></span> <span class='ocrx_word' id='word_1_131' title='bbox 1199 1921 1380 1982; x_wconf 90' lang='lat' dir='ltr'><strong>hodie</strong></span> <span class='ocrx_word' id='word_1_132' title='bbox 1409 1922 1604 1980; x_wconf 72' lang='lat' dir='ltr'><strong>facere</strong></span> <span class='ocrx_word' id='word_1_133' title='bbox 1633 1920 1798 1996; x_wconf 90' lang='lat' dir='ltr'><strong>quod</strong></span> <span class='ocrx_word' id='word_1_134' title='bbox 1827 1909 1940 1996; x_wconf 88' lang='lat' dir='ltr'><strong>ego</strong></span> <span class='ocrx_word' id='word_1_135' title='bbox 1966 1920 2277 1996; x_wconf 54' lang='lat' dir='ltr'><strong>gamaram,</strong></span> <span class='ocrx_word' id='word_1_136' title='bbox 2308 1921 2691 1993; x_wconf 83' lang='lat' dir='ltr'><strong>Nausistrata,</strong></span> 
     </span>
     <span class='ocr_line' id='line_1_18' title="bbox 668 2005 2797 2102; baseline -0.001 -22"><span class='ocrx_word' id='word_1_137' title='bbox 668 2091 675 2102; x_wconf 21' lang='grc' dir='ltr'>ἱ</span> <span class='ocrx_word' id='word_1_138' title='bbox 773 2005 854 2080; x_wconf 79' lang='lat' dir='ltr'><strong>Et</strong></span> <span class='ocrx_word' id='word_1_139' title='bbox 881 2019 1045 2097; x_wconf 90' lang='lat' dir='ltr'><strong>quod</strong></span> <span class='ocrx_word' id='word_1_140' title='bbox 1084 2030 1187 2080; x_wconf 92' lang='lat' dir='ltr'><strong>tuo</strong></span> <span class='ocrx_word' id='word_1_141' title='bbox 1227 2020 1356 2078; x_wconf 86' lang='lat' dir='ltr'><strong>uiro</strong></span> <span class='ocrx_word' id='word_1_142' title='bbox 1397 2019 1552 2079; x_wconf 82' lang='lat' dir='ltr'><strong>oculi</strong></span> <span class='ocrx_word' id='word_1_143' title='bbox 1594 2019 1879 2096; x_wconf 83' lang='lat' dir='ltr'><strong>doleant?</strong></span> <span class='ocrx_word' id='word_1_144' title='bbox 1960 2020 2076 2078; x_wconf 83' lang='lat' dir='ltr'><strong>NA.</strong></span> <span class='ocrx_word' id='word_1_145' title='bbox 2118 2019 2333 2094; x_wconf 69' lang='lat' dir='ltr'><strong>Cfipio.</strong></span> <span class='ocrx_word' id='word_1_146' title='bbox 2416 2021 2528 2078; x_wconf 81' lang='grc' dir='ltr'><strong>ΡΗ.</strong></span> <span class='ocrx_word' id='word_1_147' title='bbox 2572 2019 2676 2077; x_wconf 91' lang='lat' dir='ltr'><strong>Me</strong></span> <span class='ocrx_word' id='word_1_148' title='bbox 2716 2015 2797 2077; x_wconf 86' lang='lat' dir='ltr'><strong>ad</strong></span> 
     </span>
     <span class='ocr_line' id='line_1_19' title="bbox 688 2101 2222 2200; baseline -0.001 -24"><span class='ocrx_word' id='word_1_149' title='bbox 688 2105 712 2118; x_wconf 42' lang='lat'>⁸</span> <span class='ocrx_word' id='word_1_150' title='bbox 1163 2140 1168 2146; x_wconf 95' lang='lat'>·</span> <span class='ocrx_word' id='word_1_151' title='bbox 1256 2119 1469 2176; x_wconf 70' lang='lat' dir='ltr'><strong>cenam</strong></span> <span class='ocrx_word' id='word_1_152' title='bbox 1495 2135 1679 2176; x_wconf 64' lang='lat' dir='ltr'><strong>uoca.</strong></span> <span class='ocrx_word' id='word_1_153' title='bbox 1827 2193 1833 2200; x_wconf 22' lang='lat'><strong>⁴</strong></span> <span class='ocrx_word' id='word_1_154' title='bbox 2217 2101 2222 2105; x_wconf 50' lang='grc'><strong>’</strong></span> 
     </span>
     <span class='ocr_line' id='line_1_20' title="bbox 625 2212 2795 2286; baseline -0.001 -12"><span class='ocrx_word' id='word_1_155' title='bbox 625 2216 741 2274; x_wconf 77' lang='grc' dir='ltr'><strong>ΝΑ.</strong></span> <span class='ocrx_word' id='word_1_156' title='bbox 775 2215 883 2276; x_wconf 83' lang='lat' dir='ltr'><strong>Pol</strong></span> <span class='ocrx_word' id='word_1_157' title='bbox 929 2235 1075 2276; x_wconf 91' lang='lat' dir='ltr'><strong>uero</strong></span> <span class='ocrx_word' id='word_1_158' title='bbox 1128 2234 1302 2276; x_wconf 91' lang='lat' dir='ltr'><strong>uoco.</strong></span> <span class='ocrx_word' id='word_1_159' title='bbox 1387 2217 1503 2275; x_wconf 85' lang='lat' dir='ltr'><strong>DE.</strong></span> <span class='ocrx_word' id='word_1_160' title='bbox 1562 2216 1785 2273; x_wconf 60' lang='lat' dir='ltr'><strong>Eamus</strong></span> <span class='ocrx_word' id='word_1_161' title='bbox 1840 2213 1995 2274; x_wconf 89' lang='lat' dir='ltr'><strong>intro</strong></span> <span class='ocrx_word' id='word_1_162' title='bbox 2040 2213 2199 2274; x_wconf 88' lang='lat' dir='ltr'><strong>hinc.</strong></span> <span class='ocrx_word' id='word_1_163' title='bbox 2284 2214 2397 2274; x_wconf 78' lang='lat' dir='ltr'><strong>NA.</strong></span> <span class='ocrx_word' id='word_1_164' title='bbox 2457 2214 2506 2272; x_wconf 91' lang='lat' dir='ltr'>F</span> <span class='ocrx_word' id='word_1_165' title='bbox 2508 2217 2619 2286; x_wconf 53' lang='lat' dir='ltr'><strong>iat„</strong></span> <span class='ocrx_word' id='word_1_166' title='bbox 2686 2212 2795 2273; x_wconf 90' lang='lat' dir='ltr'><strong>sed</strong></span> 
     </span>
     <span class='ocr_line' id='line_1_21' title="bbox 1255 2312 1849 2376; baseline -0.005 -4"><span class='ocrx_word' id='word_1_167' title='bbox 1255 2313 1412 2373; x_wconf 85' lang='lat' dir='ltr'><strong>ubist</strong></span> <span class='ocrx_word' id='word_1_168' title='bbox 1440 2312 1730 2371; x_wconf 80' lang='lat' dir='ltr'><strong>Phaedria</strong></span> <span class='ocrx_word' id='word_1_169' title='bbox 1768 2333 1780 2348; x_wconf 54' lang='lat'><em>*</em></span> <span class='ocrx_word' id='word_1_170' title='bbox 1834 2367 1849 2376; x_wconf 64' lang='lat'><em>„</em></span> 
     </span>
     <span class='ocr_line' id='line_1_22' title="bbox 451 2407 2795 2488; baseline 0 -20"><span class='ocrx_word' id='word_1_171' title='bbox 451 2407 611 2469; x_wconf 85' lang='lat'>1055</span> <span class='ocrx_word' id='word_1_172' title='bbox 775 2411 968 2472; x_wconf 68' lang='lat' dir='ltr'><strong>Ifidex</strong></span> <span class='ocrx_word' id='word_1_173' title='bbox 991 2413 1234 2472; x_wconf 75' lang='lat' dir='ltr'><strong>noster?</strong></span> <span class='ocrx_word' id='word_1_174' title='bbox 1315 2414 1426 2472; x_wconf 78' lang='grc' dir='ltr'><strong>ΡΗ.</strong></span> <span class='ocrx_word' id='word_1_175' title='bbox 1471 2412 1601 2469; x_wconf 87' lang='lat' dir='ltr'><strong>Iam</strong></span> <span class='ocrx_word' id='word_1_176' title='bbox 1630 2411 1728 2468; x_wconf 90' lang='lat' dir='ltr'><strong>hic</strong></span> <span class='ocrx_word' id='word_1_177' title='bbox 1758 2410 1893 2469; x_wconf 83' lang='lat' dir='ltr'><strong>faxo</strong></span> <span class='ocrx_word' id='word_1_178' title='bbox 1934 2408 2143 2470; x_wconf 85' lang='lat' dir='ltr'><strong>aderit.</strong></span> <span class='ocrx_word' id='word_1_179' title='bbox 2223 2410 2416 2488; x_wconf 80' lang='lat' dir='ltr'><em>(Exit</em></span> <span class='ocrx_word' id='word_1_180' title='bbox 2449 2417 2507 2468; x_wconf 82' lang='lat' dir='ltr'><strong>to</strong></span> <span class='ocrx_word' id='word_1_181' title='bbox 2546 2411 2795 2483; x_wconf 85' lang='lat' dir='ltr'><strong>Forum,</strong></span> 
     </span>
     <span class='ocr_line' id='line_1_23' title="bbox 1073 2497 2797 2582; baseline -0.003 -12"><span class='ocrx_word' id='word_1_182' title='bbox 1073 2497 1082 2502; x_wconf 36' lang='lat'><strong>³</strong></span> <span class='ocrx_word' id='word_1_183' title='bbox 1255 2527 1334 2582; x_wconf 71' lang='lat' dir='ltr'><strong>R„</strong></span> <span class='ocrx_word' id='word_1_184' title='bbox 1364 2518 1420 2568; x_wconf 85' lang='lat' dir='ltr'><strong>to</strong></span> <span class='ocrx_word' id='word_1_185' title='bbox 1460 2509 1592 2568; x_wconf 81' lang='lat' dir='ltr'><strong>look</strong></span> <span class='ocrx_word' id='word_1_186' title='bbox 1613 2507 1733 2582; x_wconf 86' lang='lat' dir='ltr'><strong>for</strong></span> <span class='ocrx_word' id='word_1_187' title='bbox 1768 2511 2097 2566; x_wconf 77' lang='lat' dir='ltr'><strong>PHAEDRIA.</strong></span> <span class='ocrx_word' id='word_1_188' title='bbox 2156 2509 2434 2577; x_wconf 79' lang='lat' dir='ltr'><strong>&#39;Exeunt</strong></span> <span class='ocrx_word' id='word_1_189' title='bbox 2467 2508 2563 2568; x_wconf 74' lang='lat' dir='ltr'><strong>the</strong></span> <span class='ocrx_word' id='word_1_190' title='bbox 2600 2507 2797 2566; x_wconf 81' lang='lat' dir='ltr'><strong>others</strong></span> 
     </span>
     <span class='ocr_line' id='line_1_24' title="bbox 1252 2604 2798 2684; baseline -0.001 -18"><span class='ocrx_word' id='word_1_191' title='bbox 1252 2607 1376 2668; x_wconf 80' lang='lat' dir='ltr'><strong>into</strong></span> <span class='ocrx_word' id='word_1_192' title='bbox 1434 2607 1779 2666; x_wconf 78' lang='lat' dir='ltr'>CHREMES&#39;S</span> <span class='ocrx_word' id='word_1_193' title='bbox 1844 2604 2074 2680; x_wconf 74' lang='lat' dir='ltr'><strong>house.)</strong></span> <span class='ocrx_word' id='word_1_194' title='bbox 2193 2606 2463 2665; x_wconf 75' lang='lat' dir='ltr'>CANTOR.</span> <span class='ocrx_word' id='word_1_195' title='bbox 2519 2663 2523 2666; x_wconf 74' lang='grc'>,</span> <span class='ocrx_word' id='word_1_196' title='bbox 2548 2604 2638 2684; x_wconf 86' lang='lat' dir='ltr'><strong>(to</strong></span> <span class='ocrx_word' id='word_1_197' title='bbox 2702 2605 2798 2664; x_wconf 75' lang='lat' dir='ltr'><strong>tlte</strong></span> 
     </span>
     <span class='ocr_line' id='line_1_25' title="bbox 1251 2701 2387 2784; baseline 0.001 -21"><span class='ocrx_word' id='word_1_198' title='bbox 1251 2704 1598 2784; x_wconf 55' lang='lat' dir='ltr'><strong>spectators)</strong></span> <span class='ocrx_word' id='word_1_199' title='bbox 1633 2705 1759 2763; x_wconf 83' lang='lat' dir='ltr'><strong>Vos</strong></span> <span class='ocrx_word' id='word_1_200' title='bbox 1785 2703 1979 2763; x_wconf 83' lang='lat' dir='ltr'><strong>ualete</strong></span> <span class='ocrx_word' id='word_1_201' title='bbox 2010 2713 2073 2762; x_wconf 90' lang='lat' dir='ltr'><strong>et</strong></span> <span class='ocrx_word' id='word_1_202' title='bbox 2100 2701 2387 2779; x_wconf 66' lang='lat' dir='ltr'><strong>platidite.</strong></span> 
     </span>
    </p>
   </div>
   <div class='ocr_carea' id='block_1_3' title="bbox 2908 771 2961 821">
    <p class='ocr_par' dir='ltr' id='par_1_3' title="bbox 2908 771 2961 821">
     <span class='ocr_line' id='line_1_26' title="bbox 2908 771 2961 821; baseline -0.019 0"><span class='ocrx_word' id='word_1_203' title='bbox 2908 771 2961 821; x_wconf 88' lang='grc'><strong>55</strong></span> 
     </span>
    </p>
   </div>
   <div class='ocr_carea' id='block_1_4' title="bbox 2902 1544 2963 1588">
    <p class='ocr_par' dir='ltr' id='par_1_4' title="bbox 2902 1544 2963 1588">
     <span class='ocr_line' id='line_1_27' title="bbox 2902 1544 2963 1588; baseline 0 0"><span class='ocrx_word' id='word_1_204' title='bbox 2902 1544 2963 1588; x_wconf 83' lang='grc'><strong>60</strong></span> 
     </span>
    </p>
   </div>
   <div class='ocr_carea' id='block_1_5' title="bbox 3211 2651 3212 3170">
    <p class='ocr_par' dir='ltr' id='par_1_5' title="bbox 3211 2651 3212 3170">
     <span class='ocr_line' id='line_1_28' title="bbox 3211 2651 3212 3170; baseline 0 0"><span class='ocrx_word' id='word_1_205' title='bbox 3211 2651 3212 3170; x_wconf 95' lang='lat' dir='ltr'><strong> </strong></span> 
     </span>
    </p>
   </div>
  </div>
 </body>
</html>
