3259 4134
413 302 636 369 iv.1.16.]
841 327 857 338 ·
1489 301 1849 351 PHORMJO.
2860 303 2925 352 37

1506 861 1671 921 ACT
1724 860 1831 919 IV.

1519 1031 1716 1091 Sem
1763 1049 1814 1088 1.

411 1177 674 1226 CHREMES
705 1176 890 1227 arrives
921 1177 1087 1238 home,
1111 1179 1214 1229 and
1247 1178 1471 1243 explains
1502 1183 1556 1227 to
1589 1178 1669 1226 his
1701 1175 1906 1225 brother
1928 1175 2037 1224 that
2068 1174 2149 1224 his
2180 1174 2372 1224 second
2392 1171 2524 1233 wife,
2547 1172 2779 1236 together
2800 1174 2919 1222 with

493 1260 585 1309 her
617 1260 864 1324 daughter
895 1262 999 1311 and
1032 1261 1123 1310 her
1157 1277 1320 1322 nurse,
1343 1261 1433 1311 lest
1469 1262 1689 1310 Lemnos
1722 1259 1895 1308 before
1928 1258 2007 1306 his
2042 1257 2235 1316 arrival,
2259 1256 2362 1306 and
2395 1255 2505 1305 that
2538 1254 2657 1319 they
2688 1271 2772 1305 are
2807 1272 2921 1305 now

493 1344 548 1392 in
578 1344 791 1393 Athens.
860 1344 946 1392 He
980 1343 1072 1392 has
1105 1344 1264 1394 heard
1296 1344 1355 1393 of
1382 1345 1678 1392 ANTn’no’s
1711 1342 1973 1404 marriage,
1996 1341 2097 1389 and
2131 1354 2386 1403 expresses
2419 1344 2473 1388 to
2506 1338 2586 1387 his
2615 1339 2819 1388 brother
2841 1341 2921 1390 his

492 1435 657 1491 regret
681 1435 731 1477 at
749 1427 835 1476 the
853 1426 1028 1476 failure
1044 1426 1104 1475 of
1121 1426 1252 1476 their
1269 1426 1480 1490 original
1497 1427 1633 1491 plan,
1652 1426 1791 1474 since
1809 1440 1923 1473 now
1940 1423 2006 1472 he
2023 1429 2156 1472 must
2173 1439 2335 1487 marry
2350 1424 2430 1473 his
2454 1426 2920 1489 unacknowledged

495 1512 739 1576 daughter
773 1518 826 1561 to
865 1527 1005 1562 some
1043 1518 1286 1576 stranger,
1319 1511 1434 1559 who
1467 1510 1568 1559 will
1607 1516 1699 1559 not
1736 1509 1866 1558 have
1906 1508 1992 1558 the
2030 1523 2169 1558 same
2209 1510 2415 1560 interest
2452 1512 2717 1560 DEMIPHO
2753 1509 2920 1560 would

494 1586 621 1643 have
644 1594 747 1644 had
769 1595 822 1643 in
855 1594 1079 1659 keeping
1100 1594 1192 1644 her
1213 1594 1345 1643 birth
1369 1609 1400 1642 a
1421 1599 1598 1642 secret.
1666 1593 1929 1641 DEMIPHO
1962 1592 2207 1656 promises
2242 1599 2295 1642 to
2331 1594 2399 1643 do
2432 1593 2511 1642 his
2542 1594 2655 1643 best
2688 1600 2742 1644 to
2775 1593 2922 1656 bring

495 1676 649 1726 about
671 1676 757 1726 the
779 1677 1011 1742 previous
1032 1682 1397 1740 arrangement,
1423 1676 1476 1724 in
1497 1676 1628 1740 spite
1654 1675 1712 1723 of
1739 1675 1819 1724 his
1840 1676 1976 1724 son’s
1999 1675 2318 1726 unfortunate
2341 1676 2600 1742 marriage.

860 1793 1096 1874 [Enter
1120 1795 1408 1853 DEMIPHO
1437 1794 1570 1853 and
1588 1793 1885 1852 CHREMES
1893 1791 2067 1866 from
2096 1794 2366 1868 Harbor,
2395 1792 2483 1874 L.]

1108 1926 1466 1984 DEMIPHO
1869 1925 2235 1985 CHREMES

1199 2034 1360 2071 SENES
2034 2033 2077 2070 11

415 2141 500 2198 IV
521 2166 540 2197 1
586 2141 701 2200 DE.
729 2140 934 2214 Quid?
972 2143 1089 2216 qua
1117 2140 1416 2216 profectus
1445 2142 1625 2198 causa
1653 2138 1789 2197 hinc
1819 2156 1883 2197 es
1913 2139 2224 2212 Lemnum,
2255 2139 2561 2213 ChremeS,

734 2237 1035 2297 Adduxtin
1067 2247 1266 2296 tecum
1296 2237 1520 2295 filiam?
1600 2237 1718 2296 CH.
1762 2237 1922 2295 Non.
2008 2238 2123 2296 DE.
2170 2236 2332 2311 Quid
2360 2237 2443 2296 ita
2467 2238 2634 2296 non?

589 2335 705 2395 Cn.
737 2337 1056 2410 Postquam
1083 2335 1249 2393 uidet
1277 2353 1372 2392 me
1403 2335 1526 2392 eius
1556 2336 1745 2392 mater
1770 2352 1899 2393 esse
1928 2335 2026 2393 hic
2054 2334 2291 2409 diutiuS,

731 2434 913 2492 Simul
940 2436 1140 2491 autem
1170 2451 1290 2490 non
1319 2432 1597 2491 manebat
1625 2441 1787 2490 aetas
1818 2432 2055 2508 uirginis
2797 2431 2917 2492 570

412 2555 436 2603 5
736 2532 940 2589 Meam
967 2530 1435 2606 neclegentiam:
1482 2532 1671 2605 ipsam
1697 2548 1835 2592 cum
1864 2530 2028 2589 omni
2055 2529 2276 2589 semilia

731 2629 827 2687 Ad
855 2631 949 2687 me
979 2629 1308 2704 profectam
1339 2646 1466 2686 esse
1495 2628 1713 2687 aibant.
1797 2629 1914 2686 DE.
1959 2628 2123 2702 Quid
2150 2629 2231 2686 illi
2260 2629 2383 2687 tem
2411 2627 2514 2686 diu

731 2726 969 2800 Quaeso
996 2727 1168 2802 igitur
1195 2727 1661 2797 commoreibare,
1691 2725 1793 2785 ubi
1821 2725 1883 2784 id
1911 2725 2224 2785 audieras?

587 2824 700 2884 CH.
735 2824 839 2883 Pol
868 2826 963 2883 me
993 2823 1245 2882 detinuit
1273 2824 1531 2883 merbuS.
1617 2825 1734 2882 DE.
1763 2823 1981 2882 Vnde?
2020 2833 2121 2882 aut
2148 2825 2292 2898 qui?
2371 2823 2487 2883 CH.
2517 2824 2759 2898 Rogas?

730 2923 1011 2981 Senectus
1039 2923 1220 2997 ipsast
1249 2922 1506 2981 morbus,
1591 2922 1700 2981 sed
1731 2925 1961 2980 uenisse
1990 2939 2093 2980 eas
2796 2919 2873 2977 57
2876 2919 2914 2977 5

411 3047 465 3078 10
729 3020 928 3078 Salueis
955 3019 1154 3079 audiui
1182 3038 1256 3078 ex
1283 3023 1462 3079 nauta
1490 3021 1592 3096 qui
1619 3020 1745 3078 illas
1774 3021 2034 3078 nexerat.

555 3113 560 3118 ’
586 3117 700 3176 ΒΕ.
731 3118 893 3192 Quid
919 3121 1098 3194 gnato
1127 3118 1405 3194 obtigerit
1433 3137 1529 3176 me
1558 3118 1821 3191 absente,
1853 3115 2085 3189 audisti,
2115 3116 2446 3177 Chremes?

583 3215 700 3274 CH.
731 3215 911 3290 Quod
939 3215 1182 3291 quidem
1211 3235 1308 3274 me
1339 3217 1557 3275 factum
1588 3215 1795 3275 consili
1823 3216 2114 3273 incertum
2143 3215 2301 3274 facit.

728 3314 886 3372 Nam
913 3313 1066 3372 hanc
1095 3314 1512 3374 condicionem
1542 3316 1589 3372 si
1617 3313 1759 3388 quoi
1789 3313 1976 3371 tulero
2005 3313 2277 3385 extrariO,

728 3411 866 3485 Quo
893 3413 1074 3488 pacto
1100 3421 1201 3471 aut
1228 3411 1388 3471 unde
1419 3411 1562 3470 mihi
1590 3412 1664 3470 sit
1691 3410 2017 3470 dicundum
2046 3409 2255 3469 Ordine
2286 3417 2393 3468 est.
2792 3405 2910 3464 580

409 3533 457 3581 15
722 3509 811 3566 Te
841 3509 984 3567 mihi
1013 3509 1250 3572 fidelem
1281 3528 1410 3568 esse
1437 3511 1627 3585 aeque
1657 3518 1833 3583 atque
1864 3517 2104 3584 egomet
2132 3511 2262 3566 sum
2291 3505 2437 3564 mihi

725 3605 978 3666 Scibam.
1062 3607 1158 3666 ille
1186 3607 1233 3665 si
1261 3625 1360 3665 me
1389 3607 1613 3665 alienus
1642 3606 1901 3665 adfinem
1931 3604 2111 3678 uolet,
