3259 4134
548 265 621 315 1v
643 277 688 332 5,
711 264 918 331 5⁶-7s·]
1395 262 1797 313 ADELPHOE.
2583 263 2645 314 41

789 429 953 506 Quid
995 429 1161 488 fieret
1175 429 1204 487 ἲ
1243 445 1363 503 qua
1403 427 1576 516 fleret
1588 428 1622 486 ἲ.
1657 427 1707 486 si
1748 436 1808 486 te
1850 427 1932 486 mi
1973 431 2165 504 ipsum
2207 427 2417 503 puduit
2451 428 2645 503 prolo-
2720 513 2725 519 ι

1473 525 1552 597 ui,
2532 530 2566 585 6
2610 544 2649 583 o

789 626 926 702 Qua
952 625 1372 685 resciscerem?
1431 543 1604 682 {iaec
1633 622 1779 682 dum
1822 623 2074 700 dubitas,
2102 628 2337 685 menses
2379 547 2647 685 abieruzt

1325 717 1333 724 ⁴
1433 722 1667 782 decem.

790 821 1108 881 Prodidisti
1137 830 1197 880 et
1224 831 1283 880 te
1314 823 1376 880 et
1401 821 1560 880 illam
1603 821 1879 878 miseram
1922 829 1982 879 et
2022 824 2283 898 gnatum,
2314 821 2476 897 quod
2520 823 2644 898 qui·
2737 901 2747 910 ·

1433 918 1574 977 dem
1602 919 1664 976 in
1693 920 1751 976 te
1782 917 1905 977 fuit.
1966 963 1971 967 -
2272 979 2289 985 ,

791 1017 952 1092 Quid
967 1019 995 1076 Ρ
1075 1016 1360 1076 credebas
1390 1000 1710 1076 dormienti
1741 1017 1891 1076 haec
1921 1017 2025 1075 tibi
2055 1018 2428 1075 confecturbs
2458 1016 2604 1076 deos
2619 1019 2647 1076 Ρ

547 1133 596 1171 ω
787 1101 866 1174 Et
909 1116 1067 1173 illam
1108 1115 1233 1174 sine
1276 1124 1377 1173 tua
1419 1118 1602 1190 Opera
1629 1116 1691 1172 in
1720 1115 2054 1173 cubiculum
2084 1115 2149 1172 iri
2180 1114 2507 1173 deductum
2540 1114 2647 1173 do-

1432 1231 1596 1270 mum
1612 1213 1641 1270 Ρ

790 1311 847 1368 N
853 1310 994 1369 olim
1021 1312 1350 1368 ceteramm
1379 1327 1572 1375 rerum
1603 1311 1661 1367 te
1692 1308 2007 1367 socordem
2036 1308 2254 1368 eodem
2284 1308 2485 1369 modo.
2530 1314 2641 1387 695

790 1409 960 1466 Bono
989 1407 1189 1465 animo
1218 1425 1299 1478 es,
1330 1405 1514 1464 duces
1555 1423 1819 1464 uxorem.
1902 1407 2013 1464 ΑΕ.
2060 1408 2241 1464 Hem.
2328 1409 2434 1465 M1.
2478 1409 2646 1466 Βόῐιο

1431 1504 1636 1562 animo
1664 1522 1728 1562 es
1756 1504 2016 1578 inquam.
2098 1506 2208 1562 ΑΕ.
2255 1505 2442 1576 Pater,

789 1586 1075 1679 Obsecro,
1103 1597 1247 1661 num'
1274 1600 1428 1660 hidis
1456 1619 1614 1676 nunc
1644 1610 1709 1658 tu
1738 1602 1879 1659 me?
1961 1602 2067 1662 M1.
2153 1587 2284 1676 Ego
2313 1602 2415 1660 te?
2467 1621 2645 1677 quam

1431 1699 1512 1757 ob
1540 1698 1710 1756 rem?
1789 1699 1899 1756 ΑΕ.
1945 1698 2204 1756 Nescio:

789 1797 946 1871 Quia
966 1807 1088 1854 tarn
1118 1796 1327 1854 misere
1357 1795 1474 1853 hoc
1502 1797 1631 1854 esse
1662 1795 1842 1870 cupio
1870 1797 2094 1867 uemm,
2118 1814 2192 1853 eo
2212 1799 2422 1854 uereor
2442 1797 2644 1873 magis.

545 1911 596 1950 ⁶⁵
637 1896 745 1953 M1.
790 1884 910 1953 Abi
937 1893 1186 1953 domum
1227 1911 1299 1950 ac
1342 1892 1490 1951 deos
1532 1896 1916 1968 conprecere‚
1946 1903 2011 1952 ut
2052 1895 2296 1951 uxorem
2337 1897 2637 1952 accersas:

1430 1992 1548 2051 abi.

634 2094 745 2150 AE.
790 2089 995 2166 Quid?
1032 2090 1149 2148 iam
1192 2091 1479 2148 uxorem?
1574 2092 1673 2148 N1.
1720 2092 1867 2148 Iam.
1952 2093 2061 2149 ΑΕ.
2109 2093 2281 2150 Iam?
2361 2094 2467 2150 M1.
2513 2093 2640 2150 Iam

1429 2191 1717 2263 quantum
1774 2197 1988 2263 potest.
2071 2190 2180 2246 ΑΕ.
2240 2189 2319 2246 Di
2376 2191 2491 2261 me,
2540 2208 2642 2265 pa-

1432 2293 1538 2356 ter,
2534 2305 2647 2362 700

789 2367 1014 2444 Omnes
1042 2381 1292 2455 oderint,
1315 2382 1377 2440 ni
1406 2383 1592 2458 magis
1622 2390 1682 2441 te
1711 2400 1889 2457 quam
1919 2382 2124 2441 Oculos
2153 2401 2310 2440 nunc
2352 2401 2465 2459 ego
2507 2389 2644 2443 amb

1431 2497 1616 2538 meos·

635 2581 742 2638 Mi.
789 2577 992 2652 Quid?
1047 2596 1226 2653 quam
1297 2577 1500 2636 illam?
1597 2579 1709 2635 ΑΕ.
1762 2579 1989 2652 Aeque.
2091 2579 2198 2636 M1.
2259 2579 2641 2656 Perbenigne.

1427 2677 1538 2732 ΑΕ.
1586 2674 1790 2748 Quid?
1832 2675 1927 2732 ille
1956 2675 2057 2733 ubi
2086 2685 2176 2734 est
2206 2677 2515 2735 Milesius?

635 2773 742 2831 M1.
788 2772 1000 2831 Periit:
1046 2772 1208 2844 abiit,
1249 2774 1464 2831 nauem
1507 2770 1796 2830 ascendit.
1880 2771 1986 2830 sed
2030 2791 2179 2848 quor
2220 2767 2489 2833 cessas?
2534 2778 2644 2835 ΑΕ.

1430 2859 1570 2942 Abi,
1602 2879 1805 2945 pater:

546 2983 596 3025 ’το
781 2968 875 3026 Tu
905 2967 1100 3044 potius
1129 2966 1276 3026 deos
1303 2969 1665 3043 ct'mprecare
1688 2989 1707 3040 ,-
1748 2970 1887 3025 nam
1917 2968 2024 3027 tibi
2054 2987 2156 3027 eos
2186 2974 2351 3030 certo
2379 2970 2523 3042 sci0,

787 3065 928 3140 Qud
985 3064 1074 3124 uir
1131 3065 1338 3124 melior
1379 3065 1568 3124 multo
1627 3083 1692 3123 es
1734 3083 1914 3140 quam
1956 3083 2087 3141 egO,
2131 3069 2642 3142 optemperaturos

1429 3163 1635 3239 magis,
2531 3183 2637 3243 705

635 3262 741 3319 M1.
786 3245 918 3336 Ego
964 3277 1038 3318 eo
1083 3259 1254 3333 intr-0,
1295 3270 1361 3319 ut
1405 3279 1558 3335 quae
1605 3279 1757 3336 opus
1800 3263 1936 3319 sunt
1976 3271 2291 3335 parentur3
2335 3265 2397 3320 tu
2442 3263 2534 3321 fac
2576 3273 2641 3322 ut

1428 3357 1568 3430 dixi,
1599 3360 1648 3416 si
1676 3357 1831 3431 sapis
1870 3357 2025 3434 (goes
2045 3360 2169 3416 into
2198 3359 2291 3416 the
2317 3361 2554 3437 house).

632 3458 739 3513 ΑΕ.
794 3452 1211 3533 (ςοΙίΙοᾳταΞεες)
1251 3453 1410 3528 Quid
1439 3455 1554 3512 hoc
1586 3457 1679 3513 est
1706 3455 1951 3531 negoti?
1993 3455 2108 3513 hoc
2138 3459 2227 3515 est
2255 3467 2483 3533 patrem
2513 3477 2641 3516 esse

1428 3562 1528 3610 aut
1555 3553 1673 3612 hoc
1702 3564 1791 3612 est
1820 3554 2003 3612 fllium
2033 3555 2203 3612 esse?

785 3651 842 3710 Si
873 3651 1049 3710 frater
1075 3660 1176 3709 aut
1204 3649 1418 3710 sodalis
1448 3661 1620 3724 esset,
1653 3655 1753 3728 qui
1782 3653 1967 3728 magis
1998 3669 2227 3710 morem
2255 3655 2483 3729 gereret
2498 3655 2526 3712 Ρ

549 3765 596 3806 τε
781 3751 906 3810 Hic
927 3753 1050 3810 ndu
1071 3749 1358 3810 amandus
1372 3752 1400 3809 Ρ
1439 3751 1635 3810 hicine
1654 3769 1777 3811 non
1796 3749 2117 3828 gestandus
2136 3751 2199 3810 in
2220 3752 2448 3812 sinust?
2483 3752 2641 3813 hem.
