3259 4134
335 273 490 339 Ptol]

274 1852 396 1884 -10

343 3309 397 3359 25

1370 766 1813 828 PROLOGVS.

739 939 1060 1014 Postquam
1087 937 1270 1013 poeta
1298 939 1467 995 uetus
1497 937 1737 1011 poetam
1767 940 1891 996 non
1917 945 2114 1016 potest

739 1036 1064 1096 Retrahere
1094 1053 1130 1093 a
1157 1034 1355 1093 studio
1383 1043 1443 1093 et
1473 1034 1776 1092 transdere
1806 1027 2110 1094 hominem
2138 1035 2199 1092 in
2230 1034 2436 1108 otium,

741 1133 1077 1194 Maledictis
1106 1131 1403 1191 deterrere
1435 1149 1510 1189 ne
1540 1131 1759 1190 scribat
1786 1141 1955 1206 parat
1976 1152 1993 1204 ;

742 1232 862 1308 Qui
890 1233 973 1290 ita
999 1231 1249 1302 dictitat,
1279 1248 1424 1304 quas
1454 1230 1706 1287 antehac
1737 1230 1878 1288 fecit
1907 1230 2146 1302 fabulaS,

739 1330 932 1390 Tenui
958 1331 1086 1387 esse
1116 1328 1382 1387 oratione
1413 1336 1473 1385 et
1502 1327 1792 1402 scriptura
1816 1328 1969 1386 leui:

742 1428 900 1503 Quia
925 1430 1212 1501 nusquam
1244 1426 1515 1484 insanum
1546 1426 1779 1500 scripsit
1806 1424 2313 1484 adulescentulum

742 1526 997 1586 CeruAm
1025 1524 1230 1583 uidere
1262 1524 1463 1599 fugere
1494 1533 1555 1582 et
1583 1526 1795 1582 sectari
1823 1541 2000 1582 canes

743 1625 824 1682 Et
851 1625 983 1682 eam
1012 1622 1261 1698 plorare,
1293 1624 1459 1680 orare
1488 1630 1554 1679 ut
1583 1621 1892 1680 subueniat
1920 1621 2049 1681 sibi.

742 1721 922 1796 Quod
953 1721 1000 1778 si
1028 1720 1411 1796 intellegeret,
1442 1722 1623 1794 quem
1656 1719 1815 1777 stetit
1844 1719 1984 1777 olim
2012 1737 2188 1793 noua,

743 1819 978 1878 Actoris
1005 1835 1188 1893 opera
1219 1817 1402 1893 magis
1431 1817 1660 1875 stetisse
1690 1818 1869 1891 quam
1899 1835 2021 1890 sua,

742 1917 942 1975 Minus
971 1916 1159 1973 multo
1191 1915 1492 1986 audacter,
1525 1917 1705 1989 quam
1734 1933 1891 1972 nunc
1920 1914 2119 1986 laedit,
2147 1913 2429 1974 laederet.

741 2015 918 2072 Nunc
947 2016 993 2071 si
1022 2013 1152 2088 quis
1183 2022 1289 2084 est,
1321 2013 1420 2087 qui
1453 2012 1568 2070 hoc
1598 2011 1759 2070 dicat
1787 2022 1887 2070 aut
1916 2012 2001 2071 sic
2030 2012 2289 2088 cogitet:

745 2113 964 2169 ‘Vetus
993 2114 1039 2169 si
1069 2107 1248 2185 poeta
1279 2114 1398 2168 non
1430 2110 1757 2168 lacessisset
1786 2110 1963 2184 prior,

742 2209 984 2268 Nullum
1013 2208 1273 2265 inuenire
1306 2207 1617 2283 prologum
1648 2210 1848 2282 posset
1876 2226 2064 2268 nouos
2084 2209 2099 2235 ’
2124 2229 2137 2266 ε

749 2305 980 2386 [Quem
1011 2305 1255 2378 diceret,
1287 2305 1399 2363 nisi
1428 2305 1675 2364 haberet
1702 2305 1798 2363 cui
1826 2305 1979 2363 male
2009 2304 2237 2365 diceret
2259 2303 2309 2384 z]

746 2405 808 2462 Is
836 2403 945 2463 sibi
973 2421 1320 2477 responsum
1351 2403 1468 2461 hoc
1498 2402 1733 2475 habeat,
1763 2402 1825 2460 in
1853 2402 2055 2461 medio
2084 2402 2358 2462 omnibus

746 2501 1007 2559 Palmam
1036 2503 1164 2559 esse
1196 2500 1470 2576 positam,
1503 2501 1606 2575 qui
1636 2503 1821 2558 artem
1852 2509 2102 2558 tractant
2133 2500 2438 2558 musicam.

749 2599 856 2656 Ille
885 2597 963 2656 ad
993 2599 1209 2656 famem
1242 2598 1399 2655 hunc
1430 2616 1466 2656 a
1495 2597 1693 2656 studio
1722 2597 1945 2656 studuit
1974 2597 2193 2655 reicere
2219 2618 2231 2655 z

748 2697 872 2754 Hic
899 2696 1262 2770 respondere
1294 2694 1501 2767 uoluit,
1532 2714 1654 2754 non
1682 2696 1986 2754 lacessere.

748 2792 1086 2852 Benedictis
1117 2792 1166 2851 si
1198 2796 1498 2866 certasset,
1527 2792 1788 2852 audisset
1816 2793 1967 2853 bene
1992 2815 2005 2852 :

747 2891 928 2965 Quod
955 2891 1033 2951 ab
1060 2891 1158 2950 illo
1190 2890 1527 2963 adlatumst,
1565 2889 1697 2969 [id]
1732 2891 1841 2950 sibi
1872 2909 1998 2949 esse
2026 2890 2294 2950 rellatum
2325 2898 2513 2966 putet.

747 2989 841 3047 De
871 2989 969 3048 illo
998 2990 1115 3047 iam
1146 2989 1326 3047 finem
1356 2989 1570 3047 faciam
1600 2987 1845 3046 dicundi
1874 2988 2039 3061 mihi,

749 3087 1044 3146 Peccandi
1074 3105 1256 3163 quom
1288 3087 1414 3162 ipse
1445 3085 1521 3144 de
1553 3105 1615 3144 se
1646 3086 1825 3143 finem
1856 3088 1977 3144 non
2007 3084 2164 3144 facit.

748 3186 925 3243 Nunc
953 3185 1097 3260 quid
1125 3185 1305 3243 uelim
1334 3184 1597 3242 animum
1627 3183 1918 3242 attendite
1942 3205 1955 3241 t
2000 3169 2254 3257 adporto
2282 3200 2502 3242 nouam

749 3283 1297 3358 Epidicazomenon
1325 3283 1504 3356 quam
1532 3291 1754 3340 uocant
1782 3280 2159 3340 comoediam

750 3381 982 3453 Graeci,
1015 3379 1207 3438 Latini
1239 3378 1660 3438 Phormionem
1689 3379 2014 3449 nominant,

751 3478 909 3553 Quia
934 3480 1152 3554 primas
1179 3477 1362 3553 partis
1391 3480 1490 3551 qui
1520 3486 1673 3552 aget,
1705 3477 1751 3534 is
1782 3477 1891 3534 erit
1925 3474 2201 3534 Phormio

750 3577 1058 3648 Parasitus,
1086 3592 1193 3650 per
1220 3591 1400 3650 quem
1429 3576 1521 3632 res
1549 3583 1785 3650 geretur
1814 3575 2107 3645 maxume,

2221 3695 2252 3747 7

2776 1818 2850 1874 10

2778 2305 2851 2360 15

2778 2792 2855 2848 20

2780 3279 2854 3334 25
