3259 4134
569 278 607 333 8
1426 285 1825 336 ADELPHOE.
2380 286 2436 352 [Ι
2466 301 2507 350 1,
2537 289 2677 339 1-16.

1443 828 1701 890 ACTVS
1755 830 1804 888 Ι.

573 1007 806 1068 Sem:
848 1004 1042 1066 Str-eet
1060 1004 1125 1066 in
1152 1004 1396 1064 Athens.
1477 1005 1651 1064 Back
1678 1005 1751 1080 qs
1775 1015 1934 1080 stage
1960 1013 2277 1083 represents
2304 1013 2420 1066 two
2444 1008 2673 1082 aaffoz‘n-

653 1107 758 1181 ing
778 1104 1006 1163 houses.
1100 1103 1222 1162 27η*
1247 1103 1460 1178 larger,
1491 1112 1548 1162 to
1577 1105 1672 1162 the
1700 1104 1860 1179 njght
1879 1103 1953 1178 qs
1973 1105 2067 1162 the
2090 1112 2423 1180 spectators,
2451 1105 2676 1178 belongs

654 1213 711 1263 to
754 1205 961 1275 M1010‚
991 1203 1126 1260 and
1155 1203 1270 1261 has
1295 1222 1336 1261 a
1362 1205 1526 1280 large
1565 1203 1717 1261 door
1754 1222 1906 1262 near
1935 1204 2029 1261 the
2069 1213 2260 1262 centre
2286 1202 2360 1277 os
2387 1203 2481 1261 the
2517 1212 2675 1278 stage

652 1303 787 1361 and
804 1321 844 1360 a
871 1302 1116 1360 smaller
1138 1303 1287 1360 door
1323 1309 1381 1358 to
1407 1300 1516 1360 ‘the
1557 1302 1729 1378 njght.
1819 1301 1941 1359 ne
1978 1303 2221 1360 smaller
2256 1303 2453 1374 house,
2484 1310 2540 1360 to
2583 1302 2676 1359 the

652 1400 768 1475 lest,
800 1402 853 1459 is
891 1399 1256 1471 SosrRATA’s,
1286 1399 1420 1458 and
1447 1399 1560 1457 has
1600 1399 1712 1456 but
1742 1417 1852 1456 one
1891 1400 2054 1458 door.
2144 1399 2265 1457 The
2302 1407 2482 1457 street
2514 1400 2676 1457 leadc

653 1519 730 1557 on
761 1499 855 1558 the
879 1497 986 1572 lefl
1007 1506 1064 1557 to
1094 1498 1187 1556 the
1211 1497 1454 1570 harbor,
1484 1516 1561 1554 on
1590 1497 1685 1554 the
1713 1497 1874 1574 n'ght
1895 1505 1951 1554 to
1991 1497 2086 1555 the
2122 1497 2349 1556 Forum
2388 1497 2673 1575 (market-

639 1600 829 1674 place,
872 1594 1141 1673 Agora),·
1196 1613 1236 1652 a
1277 1596 1430 1666 lane,
1472 1595 1599 1652 also
1640 1613 1718 1650 on
1760 1594 1854 1652 tlte
1896 1594 2066 1668 ηζςῇί,
2109 1594 2219 1652 but
2266 1597 2526 1653 towardc
2582 1596 2675 1652 the

653 1714 811 1766 rear,
839 1695 1000 1753 lead*-
1036 1702 1093 1752 to
1135 1693 1228 1751 the
1267 1701 1526 1766 country.
1618 1692 1806 1750 There
1831 1691 1883 1750 t’s
1909 1693 2037 1749 also
2062 1713 2103 1752 a
2129 1693 2268 1750 lane
2304 1711 2382 1750 on
2425 1693 2519 1750 the
2556 1691 2671 1765 lest.

651 1793 729 1852 In
759 1793 854 1850 the
881 1791 1093 1850 middle
1118 1789 1194 1864 of
1205 1790 1300 1848 the
1324 1797 1483 1864 stage
1507 1808 1591 1847 an
1619 1789 1799 1849 altar.

485 2034 488 2037 ,
572 1970 773 2028 Enoer
810 1969 1000 2027 MICIO
1021 1966 1195 2041 from
1235 1966 1335 2024 the
1349 1965 1538 2040 front
1569 1965 1721 2024 door
1761 1964 1837 2039 of
1869 1966 1964 2024 his
2005 1967 2202 2025 house.
2294 1966 2456 2024 Callu-
2496 1985 2565 2024 as
2604 1968 2678 2024 he

1452 2081 1637 2121 comes
1673 2071 1792 2122 out.

573 2217 604 2274 Ι
640 2234 666 2273 1
729 2214 936 2275 StorAx
961 2215 973 2271 Ι
1031 2211 1164 2288 (Νο
1191 2231 1446 2270 answer.
1501 2210 1926 2287 Soliloquizes.)
1986 2211 2128 2270 Non
2156 2210 2327 2269 rediit
2356 2211 2467 2270 hac
2496 2220 2674 2270 nocte

1455 2327 1492 2366 a
1525 2326 1675 2366 cena
1702 2293 2029 2366 Aeschinus

735 2410 949 2482 Neque
977 2407 1336 2478 seruolorum
1365 2409 1694 2482 quisquam,
1725 2407 1826 2480 qui
1854 2405 2173 2464 aduorsum
2201 2408 2405 2465 ierant.

733 2506 1006 2564 Profecto
1035 2504 1150 2562 hoc
1179 2522 1317 2562 uere
1346 2502 1587 2562 dicunt:
1633 2502 1682 2562 si
1711 2503 1867 2562 absis
1896 2503 2127 2578 uspiam

730 2606 849 2665 Aut
877 2603 958 2661 ibi
986 2603 1034 2660 si
1063 2619 1277 2672 cesses,
1306 2601 1541 2660 euenire
1571 2618 1645 2658 ea
1671 2601 1848 2658 satius
1877 2610 1985 2672 est,

594 2717 621 2756 5
729 2701 898 2774 Quae
929 2699 989 2756 in
1017 2709 1076 2757 te
1104 2702 1250 2758 uxor
1276 2697 1423 2757 dicit
1450 2700 1513 2755 et
1539 2715 1691 2774 quae
1722 2697 1782 2754 in
1810 2698 2010 2756 animo
2039 2697 2261 2774 cogitat
2592 2717 2671 2774 30

734 2798 908 2867 Irata,
939 2814 1116 2873 quam
1145 2797 1244 2853 illa
1271 2798 1422 2871 quae
1452 2805 1727 2871 parentes
1756 2796 2014 2870 propitii.

728 2895 907 2966 onr,
937 2894 986 2952 si
1014 2911 1226 2965 cesseS,
1255 2896 1357 2951 aut
1385 2903 1443 2950 te
1471 2911 1671 2950 amare
1700 2893 1925 2968 cogitat

732 2995 767 3066 †
797 2993 916 3050 Aut
944 2993 1064 3049 tete
1093 2989 1276 3048 amari
1304 2999 1404 3048 aut
1433 2993 1641 3065 putare
1670 3000 1846 3064 atque
1876 2990 2076 3048 animo
2106 2988 2373 3066 obsequi.

737 3085 851 3168 [Et
880 3088 984 3164 tibi
1012 3088 1166 3147 bene
1195 3105 1343 3158 esse,
1373 3087 1482 3146 soli
1514 3087 1624 3147 sibi
1654 3105 1838 3162 quom
1866 3090 1939 3145 sit
1970 3085 2182 3165 male.]

570 3201 621 3242 ιο
729 3187 860 3262 Ego
888 3189 1026 3261 quia
1051 3203 1173 3243 non
1201 3183 1376 3243 rediit
1404 3185 1554 3244 filius
1584 3203 1735 3259 quae
1765 3185 1966 3260 cogito
1994 3187 2005 3242 !
2594 3203 2666 3263 35

731 3283 960 3358 Quibus
986 3286 1143 3341 nunc
1172 3282 1452 3340 sollicitor
1477 3282 1650 3340 rebus
1677 3285 1688 3340 !
1732 3300 1807 3339 ne
1837 3292 1936 3341 aut
1963 3282 2059 3339 ille
2088 3281 2285 3341 alserit

730 3382 849 3439 Aut
877 3379 1170 3445 ceciderit,
1184 3388 1303 3455 per
1328 3379 1593 3436 tenebras
1619 3398 1693 3437 ac
1725 3379 2122 3455 praefregerit.

729 3475 988 3553 Aliquid.
1056 3477 1191 3546 uah,
1221 3477 1659 3551 quemquamne
1694 3476 1999 3534 hominem
2029 3477 2089 3534 in
2117 3477 2317 3535 animo
2352 3477 2654 3535 instituere

733 3575 940 3631 Parare
970 3571 1132 3647 quod
1161 3573 1234 3629 sit
1261 3573 1450 3630 catius
1479 3591 1657 3647 quam
1686 3573 1813 3648 ipse
1842 3577 1931 3633 est
1960 3575 2069 3633 sibi
2098 3578 2110 3632 Ξ

571 3686 622 3727 1⁶
727 3671 922 3744 Atque
951 3671 1024 3726 ex
1051 3687 1147 3726 me
1177 3669 1273 3726 hic
1301 3680 1471 3727 natus
1500 3673 1621 3729 n6n
1651 3681 1758 3742 est,
1788 3670 1893 3729 sed
1924 3691 1998 3730 ex
2026 3653 2197 3730 fratre
2232 3669 2325 3728 ist
2344 3691 2499 3731 meo,
2591 3691 2672 3744 40

734 3765 1016 3825 Dissimili
1044 3766 1090 3823 is
1120 3764 1371 3824 studiost
1399 3767 1512 3824 iam
1545 3767 1682 3826 inde
1712 3769 1787 3826 ab
1816 3767 2251 3828 adulescentia:
