3259 4134
692 229 754 280 18

1538 226 1935 278 ADELPHOE.
2156 226 2238 290 [ΙΙ
2264 239 2310 287 2,
2334 239 2519 292 39-453
2564 239 2611 290 3,
2640 239 2780 276 1-u.

934 393 1241 469 Numquid
1295 393 1384 452 uis
1439 393 1582 468 quin
1637 391 1847 487 abeam
1871 393 1900 449 Ρ
2006 392 2100 450 SA.
2180 369 2377 450 fmmo
2424 390 2619 450 hercle
2667 390 2783 448 hoc

1572 493 1814 565 quaeso,
1842 490 1981 565 Syre
2006 510 2017 547 :

933 591 1013 648 Vt
1040 599 1105 648 ut
1131 589 1279 647 haec
1307 597 1442 646 sunt
1465 597 1618 659 acta,
1648 588 1845 663 potius
1873 605 2052 662 quam
2080 586 2193 646 litis
2220 605 2448 662 sequar,

827 697 832 700 '
932 673 1138 745 Me'um
1168 686 1313 745 mihi·
1331 685 1632 760 reddatur,
1664 685 1871 744 saltem
1899 685 2103 760 quanti
2131 686 2406 761 emptast,
2435 685 2593 760 Syre.

688 1093 739 1132 45

930 785 1064 844 Scio
1095 787 1152 843 te
1182 802 1304 843 non
1331 802 1500 842 usum
1529 783 1781 841 antehac
1808 782 2067 840 amicitia
2094 800 2262 842 mea:
2670 797 2785 857 250

932 868 1264 940 Memorem
1294 900 1390 939 me
1419 861 1583 940 diees
1611 882 1739 939 esse
1770 890 1829 944 et
1856 890 2104 956 gratum.
2187 880 2282 939 SY.
2338 877 2555 938 Sedulo

931 963 1189 1039 Faciam.
1273 965 1379 1056 'sed
1410 978 1836 1061 Ctesiphonem
1867 977 2045 1036 uideo
2066 999 2083 1051 3
2125 976 2311 1046 laetus
2338 985 2429 1034 est

934 1078 1027 1135 De
1058 1079 1265 1134 amica.
1350 1077 1444 1136 SA.
1475 1075 1638 1151 Quid
1667 1074 1831 1151 quod
1860 1085 1917 1134 te
1948 1076 2097 1135 Oro?
2142 1075 2237 1136 Sv.
2268 1073 2567 1149 Paulisper
2593 1088 2785 1130 mane.

1131 1347 1197 1404 E
1199 1355 1328 1404 nter
1355 1346 1657 1404 CTEsmro
1678 1343 1850 1418 from
1882 1345 1976 1402 the
2006 1352 2265 1419 country,
2299 1364 2350 1402 r.

733 1505 1033 1563 CTEsn’Ho
1069 1501 1518 1578 (ADVLESCENS)
1533 1547 1546 1560 .
1617 1503 1843 1560 SANNro
1873 1500 2107 1579 (LENo)
2121 1545 2135 1560 .
2213 1502 2398 1560 SYRvs
2435 1497 2718 1578 (SERvos)
2732 1544 2746 1558 .

695 1670 756 1726 ΙΙ
778 1688 811 1744 3
835 1669 940 1727 CT.
953 1667 1352 1746 (soliloquizes‚
1385 1675 1491 1724 not
1513 1666 1771 1741 noticing
1792 1666 1886 1724 the
1905 1663 2127 1742 others)
2162 1665 2285 1724 Abs
2312 1664 2501 1739 quiuis
2528 1664 2786 1736 homine,

767 2834 860 2892 Sv.

767 3027 860 3084 Sv.

685 3429 740 3482 ιο,

1574 1767 1815 1840 qubmst
1866 1781 2036 1840 opus,
2092 1762 2451 1822 beneficium
2520 1761 2787 1838 accipere

1573 1861 1874 1938 gaudeas3

881 1948 885 1952 ’
931 1961 1151 2018 Verum
1193 1959 1353 2018 enim
1396 1977 1537 2018 uero
1576 1958 1643 2018 id
1683 1958 1928 2016 demum
1970 1959 2145 2029 iuuat,
2176 1957 2225 2016 si
2266 1976 2444 2033 quem
2482 1959 2790 2032 aequomst
2910 1962 2923 2034 4

1575 2057 1786 2130 facere„
1796 2056 1846 2114 is
1874 2056 2027 2114 bene
2058 2055 2214 2114 facit.
2675 2074 2704 2112 2
2711 2071 2743 2132 5
2752 2071 2783 2131 5

932 2155 988 2213 Ο
1012 2155 1186 2212 frater
1206 2155 1397 2226 frater,
1416 2152 1559 2229 quid
1582 2172 1693 2229 ego
1722 2172 1880 2211 nunc
1902 2163 1960 2212 te
1981 2145 2219 2212 laudem
2234 2153 2263 2211 Ρ
2301 2152 2439 2212 satis
2460 2155 2624 2212 cert&
2645 2145 2787 2224 scid,

933 2253 1274 2325 Numquam
1304 2254 1384 2308 ita
1411 2251 1723 2326 magnifice
1754 2254 2071 2326 quicquam
2100 2249 2317 2322 dicam,
2346 2249 2411 2308 id
2437 2253 2617 2308 uirtus
2646 2249 2789 2324 quin

1573 2350 1810 2424 superet
1839 2357 1956 2406 tua.

927 2448 1137 2521 Itaque
1167 2447 1344 2504 unam
1374 2444 1527 2503 hanc
1555 2464 1681 2504 rem
1725 2460 1821 2504 me
1864 2445 2081 2504 habere
2123 2453 2356 2522 praeter
2394 2442 2539 2504 alios
2565 2444 2787 2520 praeci-

1573 2562 1754 2619 puam
1783 2543 2046 2614 arbitror,

929 2641 1193 2698 Fratrem
1242 2638 1467 2698 homini
1515 2640 1740 2698 nemini
1790 2642 1918 2698 esse
1967 2640 2287 2716 primarum
2346 2639 2557 2698 artium
2606 2639 2788 2715 magis

1568 2737 1918 2813 prin-cipem.

932 2834 988 2892 Ο
1019 2833 1304 2910 Ctesipho
1331 2836 1342 2892 Ξ
1414 2834 1521 2894 CT.
1552 2835 1608 2893 Ο
1638 2835 1797 2910 Syre,
1826 2833 2154 2892 Aeschinus
2181 2834 2379 2893 ubist?
2448 2834 2541 2894 ὃν.
2572 2819 2786 2905 mlum,

1569 2941 1628 2990 te
1659 2933 1934 3006 expectat
1962 2930 2146 2990 domi.
2230 2931 2336 3006 CT.
2370 2932 2550 2989 Hem.
2674 2933 2787 2989 260

928 3023 1090 3101 Quid
1118 3029 1249 3086 est?
1328 3029 1436 3088 CT.
1495 3027 1656 3102 Quid
1686 3029 1802 3088 sit?
1842 3029 1993 3088 illius
2022 3032 2220 3105 Opera,
2243 3029 2401 3105 Syre,
2423 3046 2583 3087 nunc
2610 3031 2783 3087 uiuo:

1569 3126 1846 3193 festiubm
1876 3136 2073 3202 caput,

925 3221 1044 3295 Qui
1071 3240 1243 3296 quom
1274 3221 1474 3281 &mnia
1507 3223 1616 3282 sibi
1659 3227 1796 3300 post
1822 3224 2053 3300 putauit
2093 3225 2221 3283 esse
2263 3241 2406 3300 prae·
2446 3241 2583 3282 meo
2622 3225 2785 3282 edm-

1567 3320 1770 3394 mod0‚

928 3415 1266 3489 Maledicta,
1314 3415 1548 3490 famam,
1596 3421 1797 3476 meum
1842 3419 2107 3478 laborem
2146 3427 2207 3477 et
2249 3421 2561 3495 peceatum
2604 3417 2667 3476 in
2720 3435 2784 3476 se

1567 3516 1875 3576 transtulit.

926 3607 1026 3665 Nil
1070 3610 1211 3684 pote
1253 3628 1443 3688 supra.
1527 3612 1673 3688 quid
1722 3617 1864 3672 nam
1902 3615 2039 3672 foris
2081 3615 2353 3690 crepuit?
2430 3615 2525 3675 ὃν.
2582 3614 2783 3688 Mane,

1567 3727 1741 3768 mane
1772 3711 1898 3787 ipse
1928 3715 2057 3770 exit>
2076 3711 2245 3772 foras.
2716 3714 2721 3719 ’
