3259 4134
361 265 426 316 38
1436 263 1798 315 PHORMIO.
2628 263 2865 332 [iv.1.17-

681 447 946 521 Tacebit,
978 445 1125 506 dum
1152 446 1483 507 intercedet
1513 447 1868 506 familiAritas
1890 467 1909 520 ;

682 545 782 604 Sin
811 544 1094 620 spreuerit
1124 561 1238 617 me,
1268 544 1399 620 plus
1428 562 1608 619 quam
1638 562 1788 619 opus
1818 555 1906 603 est
1933 545 2081 604 scito
2110 545 2275 605 sciet.

357 641 477 702 585
678 644 1020 718 Vereorque
1049 659 1126 700 ne
1153 661 1301 701 uxor
1329 642 1522 717 aliqua
1549 642 1667 700 hoc
1696 642 1973 700 resciscat
2001 660 2169 702 mea:

682 742 864 817 Quod
894 745 941 800 si
970 742 1053 815 fit,
1082 752 1147 801 ut
1175 760 1272 801 me
1302 742 1596 801 excutiam
1625 752 1805 817 atque
1836 741 2105 818 egredi-41·
2130 740 2334 814 domo,
2809 767 2871 801 20

685 841 760 899 Id
786 842 1001 913 restat3
1043 858 1183 898 nam
1212 858 1324 915 ego
1353 844 1623 899 meorum
1654 840 1812 899 solus
1841 842 1971 899 sum
2000 857 2183 898 meus.

538 937 654 996 DE.
685 938 820 998 Scio
850 938 932 996 ita
958 939 1106 1010 esse,
1136 947 1196 996 et
1223 938 1408 996 istaec
1438 937 1582 997 mihi
1610 956 1704 996 res
1732 935 2187 1009 sollicitudinist,

684 1036 898 1110 Neque
927 1033 1243 1093 defetiscar
1270 1038 1458 1110 {isque
1486 1033 1642 1094 adeo
1670 1034 2001 1111 exper1rier,

359 1132 479 1194 590
683 1134 898 1191 Donec
927 1132 1035 1191 tibi
1061 1132 1124 1191 id
1152 1132 1317 1207 quod
1345 1132 1641 1208 pollicitus
1668 1149 1799 1190 sum
1828 1131 2100 1190 effecero,

1470 1355 1765 1414 SCENE2.

361 1515 524 1574 GETA,
543 1514 731 1578 having
754 1515 999 1578 arranged
1024 1530 1053 1563 a
1071 1514 1191 1579 plan
1207 1515 1327 1563 with
1345 1515 1607 1563 Pnonmo·
1625 1520 1680 1563 to
1699 1513 1871 1563 obtain
1888 1514 1975 1563 the
1993 1527 2256 1576 necessary
2271 1527 2453 1577 money
2470 1513 2548 1563 for
2564 1513 2869 1571 PHARDRIA,

443 1613 558 1646 now
581 1613 750 1646 comes
772 1604 824 1645 to
849 1613 988 1660 carry
1010 1597 1049 1645 it
1072 1604 1175 1646 out.
1247 1597 1332 1644 He
1357 1597 1398 1644 is
1419 1597 1695 1644 somewhat
1730 1597 2077 1645 disconcerted
2110 1603 2162 1644 at
2194 1585 2461 1659 observing
2493 1595 2580 1644 the
2614 1601 2781 1644 return
2814 1593 2869 1644 οἱ

443 1680 720 1738 CHREMES,
743 1680 834 1728 but
857 1679 1161 1728 determines
1183 1685 1273 1727 not
1296 1684 1350 1727 to
1371 1679 1443 1727 let
1464 1679 1572 1728 that
1598 1677 1833 1727 interfere
1855 1679 1977 1726 with
2000 1677 2079 1726 his
2101 1677 2312 1740 original
2334 1678 2528 1740 daiga.

369 1825 468 1905 [E
470 1834 603 1884 nter
628 1826 797 1884 GETA
806 1824 978 1899 from
1007 1827 1255 1897 Forum,
1279 1842 1338 1883 R.
1410 1825 1802 1900 Soliloquizes,
1828 1833 1935 1883 not
1954 1825 2264 1900 observing
2287 1825 2380 1883 the
2407 1832 2525 1883 two
2552 1825 2658 1883 old
2676 1821 2860 1902 mem]

910 1987 1116 2046 GETA
1358 1987 1715 2044 DEMIPHO
1959 1986 2321 2046 CHREMES

913 2095 1108 2132 SERVOS
1456 2095 1616 2131 SENES
2118 2095 2161 2131 11

363 2201 450 2258 IV
475 2226 502 2257 2
538 2201 651 2259 GE.
689 2199 778 2276 (to
805 2200 1082 2277 himself)
1094 2202 1226 2276 Ego
1254 2200 1559 2259 hominem
1587 2198 1954 2259 callidiorem
1980 2200 2107 2259 uidi
2135 2199 2437 2259 neminem

682 2298 878 2371 Quam
909 2298 1344 2356 Phermionem.
1427 2298 1606 2356 uenio
1633 2296 1713 2355 ad
1741 2297 2064 2371 hominem,
2092 2307 2159 2355 ut
2185 2295 2451 2356 dicerem

682 2396 1006 2470 Argentum
1036 2412 1185 2469 opus
1213 2413 1343 2454 esse
1371 2404 1432 2454 et
1461 2393 1521 2454 id
1549 2412 1673 2470 quo
1699 2404 1879 2470 pacto
1909 2394 2095 2453 fieret.

679 2492 794 2549 Vix
821 2491 965 2549 dum
996 2490 1307 2551 dimidium
1336 2491 1619 2565 dixeram,
1646 2491 2053 2550 intellexerat:

359 2587 478 2647 595
683 2588 1015 2662 Gaudebat,
1045 2607 1142 2647 me
1171 2588 1468 2662 laudabat,
1498 2590 1825 2665 quaerebat
1852 2607 2075 2648 senem.
2840 2613 2866 2664 ς

682 2687 790 2745 Dis
818 2687 1030 2762 gratias
1057 2687 1290 2763 agebat,
1317 2696 1553 2763 tempus
1582 2687 1693 2746 sibi
1720 2686 1869 2759 dari,

677 2783 797 2843 Vbi
826 2783 1146 2843 Phaedriae
1176 2802 1300 2844 esse
1329 2784 1671 2843 ostenderet
1698 2785 1820 2842 nile
1847 2784 2041 2844 minus

676 2882 950 2938 Amicum
976 2899 1100 2940 sese
1129 2900 1309 2957 quam
1338 2871 1690 2957 Antiphoni.
1774 2881 2077 2940 hominem
2106 2880 2183 2941 ad
2212 2881 2406 2941 forum

681 2978 830 3035 Iussi
857 2978 1118 3053 opperiri
1142 3000 1154 3037 :
1201 2997 1275 3037 eo
1304 2997 1400 3037 me
1431 2981 1557 3037 esse
1587 2977 1983 3037 adducturum
2012 2993 2235 3037 senem.

357 3073 475 3132 600
687 3074 974 3153 (Calches
1013 3075 1171 3157 sth‘lzt
1204 3074 1279 3149 of
1309 3074 1648 3152 DEMIPHO.)
1733 3074 1852 3134 Sed
1894 3093 2104 3134 eccum
2146 3078 2358 3152 ipsum.
2441 3075 2573 3151 quis
2614 3085 2704 3135 est
2812 3102 2866 3134 ιο

1156 3172 1396 3232 ulterior
1409 3174 1437 3231 Ρ
1500 3173 1596 3252 (in
1654 3173 1903 3248 dismay,
1960 3174 2322 3248 recogmking
2370 3172 2695 3250 CHREMES)

1161 3280 1327 3342 attat,
1358 3269 1681 3328 Phaedriae

679 3369 851 3425 Pater
877 3367 1060 3426 uenit.
1137 3367 1454 3446 (plucking
1476 3375 1555 3442 up
1583 3360 1861 3444 coierage)
1891 3365 1999 3426 sed
2028 3367 2172 3442 quid
2200 3367 2477 3443 pertimui
2504 3376 2706 3426 autem

1160 3464 1375 3524 belua?

677 3563 770 3619 An
797 3565 936 3636 quia
962 3579 1110 3636 quos
1140 3561 1334 3618 fallam
1363 3578 1472 3636 pro
1500 3562 1622 3618 1'1no
1653 3559 1775 3619 duo
1804 3572 1937 3621 sunt
1965 3565 2047 3620 mi
2073 3562 2241 3621 dati?
