3259 4134
404 289 612 356 v.9.51.]
1475 287 1837 337 PHORMIO.
2842 283 2910 334 63

580 469 696 529 NA.
727 468 890 546 Quid
932 487 1047 547 ego
1089 486 1284 546 aequo
1325 467 1568 528 animo?
1606 467 1787 544 cupio
1833 467 2047 527 misera
2086 467 2150 525 in
2192 466 2303 526 hac
2334 483 2395 524 re
2440 466 2557 524 iam
2603 465 2709 525 de·
2834 540 2840 547 ἡ
2938 469 2943 476 '

1207 567 1472 645 fungier3

725 664 843 724 sed
871 665 973 742 qui
1001 663 1068 724 id
1094 665 1372 741 sperem?
1402 665 1596 724 aetate
1625 681 1805 740 porro
1834 666 2025 721 minus
2053 664 2437 738 peccaturum
2464 663 2713 738 putem?

728 763 858 824 lom
883 772 1008 822 tum
1039 772 1164 822 erat
1191 764 1391 835 senex,
1419 770 1693 822 senectus
1720 764 1769 820 si
1795 758 2168 820 uerecundos
2198 760 2355 819 facit.
2536 769 2546 776 ”

403 885 458 934 35
724 849 826 920 An
866 877 1001 919 mea
1041 860 1231 919 forma
1277 870 1454 936 atque
1503 861 1667 918 aetas
1706 876 1865 917 nunc
1907 857 2092 934 magis
2135 857 2543 933 expetendast,
2586 859 2707 916 De-

1209 956 1455 1033 mipho?
2910 1009 2914 1013 ,

729 1053 890 1129 Quid
933 1053 1017 1112 mi
1060 1054 1158 1112 hic
1201 1053 1414 1126 adserS,
1452 1072 1633 1130 quam
1678 1053 1760 1113 ob
1802 1071 1931 1112 rem
1976 1063 2287 1128 expectem
2330 1063 2429 1111 aut
2474 1055 2711 1129 sperem
2753 1051 2910 1110 1025

1209 1169 1386 1228 porro
1414 1153 1536 1210 non
1564 1151 1735 1210 fore?

585 1250 696 1308 ΡΗ.
731 1248 958 1326 (Ιοτιᾱζγ
983 1250 1116 1307 and
1133 1248 1480 1325 mockingly)
1512 1233 1841 1324 Exsequias
1870 1246 2173 1307 Chremeti
2195 1248 2406 1323 quibus
2428 1258 2518 1306 est
2540 1251 2702 1307 com-

1211 1345 1459 1404 modum
1488 1346 1591 1419 ire,
1620 1364 1718 1404 em
1749 1347 1983 1420 tempus
2012 1353 2120 1404 est.

727 1445 823 1504 Sic
852 1442 1048 1504 dabo:
1097 1442 1430 1522 (dqfiantly)
1467 1461 1577 1520 age
1617 1460 1798 1515 nune,
1829 1441 2245 1501 Phormionem
2285 1446 2387 1518 qui
2424 1441 2587 1502 uolet
2626 1441 2709 1501 la-

1209 1541 1423 1600 cessito
1447 1562 1460 1599 ε

727 1640 890 1698 Faxo
918 1639 1020 1698 tali
1046 1642 1120 1698 sit
1148 1648 1437 1697 mactatus
1465 1640 1645 1712 atque
1687 1637 1784 1695 hic
1818 1636 2124 1716 (pointing
2160 1646 2217 1696 to
2258 1636 2585 1716 CHREMES)
2622 1647 2713 1698 est

1205 1735 1544 1795 infortunio.
1940 1719 1953 1728 ’

564 1834 680 1894 DE⁸
731 1836 766 1871 ὓ
1012 1835 1047 1870 ⁴*
1292 1835 1328 1869 θ’
1571 1835 1606 1870 ⁴}
1854 1834 1889 1869 ὓ
2135 1834 2171 1868 θ’
2412 1834 2447 1869 ⁴*

405 1957 465 2002 ⁴0
577 1932 689 1991 ΡΗ.
739 1931 829 2009 (to
857 1928 1122 2008 himself)
1156 1928 1392 1990 Redeat
1418 1949 1560 1990 sane
1588 1931 1651 1988 in
1678 1929 1925 2006 gratiam
1954 1929 2109 1988 iam:
2154 1929 2407 2004 supplici
2440 1930 2580 1989 satis
2620 1931 2711 1990 ost

1207 2028 1369 2087 mihi.

728 2124 932 2185 Habet
960 2126 1108 2185 haec
1137 2128 1194 2184 e’1‘
1218 2125 1402 2202 quod,
1432 2125 1577 2186 dum
1604 2126 1786 2199 uiuat,
1815 2130 2003 2200 osque
2030 2125 2108 2184 ad
2132 2144 2340 2184 aurem
2370 2125 2708 2201 obganniat.
2752 2125 2911 2185 1030

581 2224 699 2284 NA.
726 2213 812 2284 At
841 2241 979 2283 meo
1005 2223 1217 2282 merito
1244 2224 1448 2282 credo.
1530 2222 1676 2299 quid
1719 2241 1833 2300 ego
1873 2227 2032 2282 nunc
2074 2241 2559 2296 commemorem,
2589 2225 2707 2284 De-

1205 2320 1431 2396 miph0‚

723 2418 1087 2494 Sinfflrlatim,
1105 2417 1292 2494 quistis
1315 2436 1430 2494 ego
1447 2418 1508 2476 in
1525 2417 1683 2476 hunc
1702 2418 1912 2477 fuerim
1927 2420 1955 2477 ?
1982 2419 2098 2478 DE.
2122 2419 2285 2478 Noui
2300 2437 2491 2494 aeque
2510 2418 2712 2478 omnia

722 2517 971 2575 Tecum.
1036 2517 1093 2574 N
1096 2533 1152 2575 Α.
1177 2515 1399 2576 Merito
1421 2516 1536 2576 hoc
1559 2519 1699 2575 meo
1721 2514 1957 2575 uidetur
1976 2516 2197 2575 factum
2212 2519 2240 2576 ?
2302 2518 2417 2575 DE.
2441 2501 2709 2574 Minume

1203 2613 1487 2690 gentium.
1946 2663 1955 2670 .

405 2735 459 2784 ⁴5
722 2711 943 2770 Verum
970 2711 1090 2770 iam
1116 2710 1359 2787 quando
1386 2710 1728 2771 accusando
1756 2711 1883 2770 fleri
1911 2712 2194 2782 infectum
2224 2715 2345 2770 non
2374 2721 2604 2790 potest,⁸

727 2792 978 2884 1gnosce
1002 2830 1015 2868 :
1060 2817 1208 2880 orat,
1241 2809 1574 2882 confitetur,
1604 2811 1852 2885 purgat:
1897 2807 2042 2885 quid
2070 2809 2159 2868 uis
2186 2809 2481 2884 amplius?
2754 2807 2912 2868 1035

582 2906 692 2965 ΡΗ.
731 2906 820 2985 (to
847 2904 1121 2986 kt'msegf)
1162 2890 1338 2964 Enim
1370 2924 1514 2964 uero
1542 2905 1702 2982 prius
1732 2925 1910 2982 quam
1950 2907 2099 2965 haec
2142 2906 2247 2966 dat
2286 2906 2539 2980 ueniam,
2568 2906 2711 2965 mihi

1204 3003 1563 3080 prospiciam
1592 3014 1655 3063 et
1683 3004 2025 3064 Phaedriae.

732 3100 983 3180 (aloud)
1049 3103 1220 3161 Heos
1284 3102 1669 3177 Nausistrata,
1728 3102 1887 3179 prius
1948 3121 2127 3180 quam
2187 3101 2325 3162 hdie
2386 3100 2711 3179 respondes

1205 3210 1447 3275 temere,
1478 3201 1637 3261 audi.
1724 3202 1841 3260 NA.
1886 3200 2048 3275 Quid
2078 3203 2209 3260 est?

581 3296 691 3355 ΡΗ.
723 3297 855 3374 Ego
882 3297 1070 3358 minas
1098 3298 1333 3376 triginta
1363 3318 1471 3376 per
1499 3299 1789 3359 fallaciam
1818 3300 1896 3360 ab
1926 3299 2062 3359 illoc
2090 3298 2339 3359 abstuli:

405 3418 461 3468 50
727 3397 843 3455 Eas
871 3396 1014 3457 dedi
1041 3406 1145 3456 tuo
1171 3399 1352 3473 gnato
1377 3419 1388 3455 :
1436 3397 1483 3457 is
1510 3415 1620 3475 pro
1648 3416 1753 3456 sua
1779 3402 1974 3458 amica
2002 3398 2202 3457 lenoni
2228 3397 2415 3458 dedit.

579 3491 696 3554 Cn.
729 3492 1038 3574 (smrtt'ng)
1077 3496 1262 3569 Hem,
1298 3494 1442 3571 quid
1486 3497 1612 3554 ais?
1694 3497 1810 3556 NA.
1850 3496 1939 3573 (to
1983 3493 2303 3575 CHREMES)
2336 3494 2585 3556 Adeone
2624 3494 2711 3552 in·
2754 3491 2913 3551 1040

1205 3591 1450 3670 dignum
1478 3593 1594 3653 hoc
1623 3593 1731 3653 tibi
1759 3593 2011 3666 uidetur,
2044 3593 2195 3652 filius
