3259 4134
399 307 465 361 58
1425 379 1436 390 ⁶
1471 305 1833 358 PHORMJO.
2684 308 2911 377 [vsq-

722 489 882 565 Quia
907 507 985 549 ne
1013 489 1256 549 alteram
1285 485 1532 566 quidem
1561 489 1721 548 illam
1748 499 1963 566 potero
1990 489 2248 564 ducere3

723 590 880 647 Nam
909 591 1031 663 que
1059 587 1268 646 redibo
1297 605 1400 646 ore
1429 587 1507 646 ed
1537 605 1671 646 eam
1684 605 1881 671 ¹quam
1908 588 2410 665 contempserim?

577 687 695 748 CH.
734 688 947 765 (asiae,
963 687 1309 763 prompting
1334 683 1654 762 DEMu’Ho)
1687 689 1703 717 ‘
1720 687 1877 746 Tum
1905 696 2104 746 autem
2133 677 2544 766 Antiphonem
2565 688 2746 747 uideo
2850 713 2905 764 25

1203 782 1282 843 ab
1310 802 1438 842 sese
1469 786 1740 842 amittere

721 884 981 942 Inuitum
1004 882 1163 940 eam'
1187 881 1386 956 inque.
1458 883 1572 942 DE.
1601 881 1962 961 (repeating)
1986 883 2141 941 Tum
2162 887 2360 943 autem
2381 882 2563 943 uideo
2583 883 2768 943 fllium

399 981 518 1041 920
721 981 982 1039 Inuitum
1010 996 1150 1038 sane
1179 979 1488 1038 mulierem
1515 979 1594 1038 ab
1621 998 1685 1038 se
1714 979 2003 1040 amittere.

723 1076 842 1138 Sed
872 1076 1051 1136 transi
1079 1076 1253 1136 sodes
1282 1076 1360 1135 ad
1389 1078 1580 1136 sorum
1609 1087 1789 1153 atque
1820 1076 1963 1136 illud
1993 1077 2139 1136 mihi

721 1177 1045 1252 Argentum
1073 1193 1300 1233 rursum
1328 1175 1466 1234 iube
1495 1175 1755 1249 rescribi,
1786 1175 2082 1235 Phormio,
2634 1227 2639 1232 .

581 1276 690 1332 ΡΗ.
721 1273 978 1348 Quodne
1007 1275 1121 1348 ego
1150 1272 1423 1348 discripsi
1450 1277 1628 1348 perro
1656 1273 1767 1332 illis
1796 1273 2009 1348 quibus
2034 1273 2215 1333 debui
2229 1274 2258 1332 Ρ
2852 1299 2912 1347 30

580 1374 696 1431 DE.
727 1370 888 1446 Quid
917 1371 1088 1446 igitur
1116 1371 1259 1429 fiet?
1340 1372 1451 1429 ΡΗ.
1495 1371 1554 1431 Si
1579 1371 1671 1429 uis
1699 1371 1781 1428 mi
1808 1371 2053 1429 uxorem
2084 1369 2245 1444 dare,

401 1469 520 1529 925
724 1470 922 1544 Quam
948 1466 1341 1544 despondisti,
1369 1466 1586 1526 ducam
1606 1489 1625 1542 3
1669 1468 1759 1526 sin
1788 1477 1877 1527 est
1904 1471 1970 1527 ut
1997 1469 2145 1527 uelis

723 1568 970 1625 Manere
1000 1566 1158 1624 illam
1187 1565 1347 1641 apud
1384 1575 1464 1639 te,
1495 1566 1604 1625 des
1648 1565 1745 1624 hic
1782 1566 2143 1645 (indicating
2178 1564 2452 1643 himself)
2490 1574 2746 1640 maneat,

1205 1663 1525 1739 Demipho,

726 1763 884 1820 Nam
911 1765 1033 1820 nen
1061 1770 1150 1820 est
1177 1778 1433 1836 aequom
1459 1763 1558 1819 me
1586 1771 1833 1838 propter
1856 1780 1965 1820 uos
1992 1761 2214 1836 decipi,

725 1859 924 1934 Quom
954 1877 1068 1935 ego
1095 1859 1277 1918 uestri
1305 1859 1547 1917 honoris
1574 1862 1754 1918 causa
1782 1858 2095 1934 repudium
2123 1859 2340 1918 Alterae
2851 1883 2906 1932 35

726 1957 1096 2028 Remiserim,
1125 1974 1279 2031 quae
1307 1954 1464 2015 detis
1493 1956 1845 2015 tantundem
1874 1956 2073 2016 dabat.

403 2054 522 2115 930
582 2056 696 2113 DE.
735 2053 1025 2132 (angrily)
1066 2056 1155 2111 In'
1187 2058 1246 2112 111
1273 2054 1489 2112 malam
1520 2072 1647 2112 rem
1676 2053 1815 2112 hinc
1844 2073 1982 2112 cum
2012 2057 2155 2112 istac
2185 2053 2641 2129 magnificentia,
2678 2130 2683 2135 ⁴

729 2153 777 2210 F
779 2152 1040 2228 ugitiue?
1081 2152 1260 2209 etiam
1288 2170 1446 2209 nunc
1475 2151 1668 2210 credis
1697 2161 1757 2209 te
1786 2152 2105 2228 ignorarier

725 2252 842 2308 Aut
870 2253 971 2308 tua
1000 2249 1156 2308 facta
1183 2249 1336 2308 adeo
1352 2251 1380 2308 ?
1449 2251 1558 2308 ΡΗ.
1596 2249 1694 2327 (in
1711 2251 2040 2325 pretended
2058 2248 2270 2325 anger)
2308 2250 2559 2308 Inritor!
2631 2249 2747 2308 ΒΕ.

1204 2349 1375 2406 Tune
1404 2347 1556 2404 hanc
1586 2347 1858 2420 ducereS‚

727 2447 786 2505 Si
807 2446 912 2504 tibi
933 2445 1211 2504 daretur?
1255 2447 1364 2502 ΡΗ.
1389 2445 1508 2502 Fac
1530 2444 1836 2519 periclum.
1884 2446 1999 2503 DE.
2023 2443 2194 2524 (with
2218 2463 2259 2503 a
2283 2441 2477 2521 sneer)
2495 2445 2577 2503 Vt
2598 2443 2748 2502 filius
2790 2478 2794 2483 -
2852 2470 2913 2514 ⁴0

625 2597 628 2600 ,
727 2544 880 2602 Cum
910 2543 1007 2600 illa
1034 2543 1260 2601 habitet
1287 2541 1449 2616 apud
1478 2552 1535 2600 te
1561 2564 1573 2600 :
1619 2541 1735 2600 hoc
1762 2546 2027 2600 uestrum
2054 2542 2365 2600 consilium
2395 2541 2519 2600 fuit.

404 2641 523 2700 935
587 2643 696 2699 ΡΗ.
727 2641 966 2714 Quaeso
993 2638 1140 2714 quid
1168 2641 1408 2698 narras?
1491 2631 1603 2698 Dia.
1651 2640 1810 2714 Quin
1840 2649 1903 2698 tu
1935 2639 2015 2697 mi
2044 2643 2350 2714 argentum
2378 2637 2554 2698 cedo·

588 2740 697 2796 ΡΗ.
729 2740 926 2795 ano
953 2740 1096 2795 uero
1123 2755 1366 2795 uxorem
1395 2740 1458 2796 tu
1489 2736 1664 2796 cedo.
1749 2738 1865 2795 DE.
1911 2739 1983 2794 In
2011 2737 2101 2794 ius
2126 2736 2383 2796 ambula.

588 2838 696 2895 ΡΗ.
731 2835 908 2892 Enim
935 2837 1077 2892 uero
1107 2835 1156 2894 si
1184 2853 1360 2910 porro
1390 2836 1516 2893 esse
1547 2831 1739 2893 odiosi
1766 2833 2009 2910 pergitis
2054 2879 2068 2893 .
2114 2879 2129 2893 .

583 2935 696 2991 DE.
730 2931 891 3006 Quid
921 2933 1142 2990 facies?
1223 2934 1331 2990 ΡΗ.
1377 2933 1629 3007 Egone?
1668 2936 1777 2991 uos
1807 2950 1902 2990 me
1932 2931 2211 2990 indotatis
2241 2931 2425 2990 modo
2853 2956 2907 3004 ⁴5

727 3029 1084 3088 Patrocinari
1114 3030 1356 3087 sortasse
1385 3030 1745 3088 arbitremini
1768 3052 1783 3088 ε

404 3127 523 3186 940
727 3128 922 3185 Εῖίἐιῐῐι
972 3126 1188 3184 dotatis
1238 3128 1419 3186 s61e0.
1505 3128 1622 3186 CH.
1676 3127 1837 3201 Quid
1886 3127 1950 3185 id
1994 3129 2234 3186 nostra?
2317 3129 2427 3186 ΡΗ.
2480 3125 2659 3205 (with
2706 3143 2749 3184 a

1206 3226 1450 3282 careless
1477 3224 1607 3300 air)
1650 3224 1830 3292 Nihil.

727 3322 848 3380 Hic
903 3322 1202 3396 quandam
1257 3339 1482 3394 noram,
1533 3324 1743 3396 quoius
1798 3322 1888 3380 uir
1934 3340 2179 3380 uxorem
2263 3323 2381 3382 CH.
2426 3319 2739 3401 (starting)

1210 3421 1393 3477 Hem.
1478 3421 1591 3478 DE.
1631 3419 1720 3497 (to
1750 3420 2076 3495 CHREMES)
2116 3419 2277 3494 Quid
2312 3420 2443 3478 est?

582 3518 692 3576 ΡΗ.
722 3518 935 3575 Lemni
975 3517 1179 3575 habuit
1221 3517 1431 3575 aliam:
1518 3518 1632 3576 CH.
1686 3517 1776 3596 (to
1820 3517 2071 3591 ht'mseff,
2114 3518 2178 3576 in
2222 3514 2487 3593 despair)
2538 3515 2749 3575 Nullus

1207 3633 1356 3672 sum.
1443 3617 1551 3672 ΡΗ.
1598 3634 1671 3671 ex
1698 3633 1815 3689 qua
1844 3614 2024 3672 filiam
