3259 4134
329 283 398 335 20
671 311 677 316 -
1401 283 1762 334 PHORMJO.
2642 285 2771 352 [123.
2774 300 2839 352 3-

651 463 934 522 Reuereri
961 463 1208 526 saltem!
1247 466 1373 523 non
1401 463 1669 540 pudere!
1711 483 1750 523 o
1780 464 2003 523 facinus
2030 464 2242 538 audax,
2272 467 2311 524 ό
2339 467 2496 546 Geta

655 561 957 622 Monitor!
1041 562 1150 620 GE.
1187 559 1412 639 (aside)
1441 561 1557 619 Vix
1584 560 1847 620 tandem.
1931 561 2047 620 DE.
2082 561 2170 640 (to
2198 561 2473 639 himself)
2513 543 2676 639 Quid
2754 583 2756 586 ⁴

1135 657 1280 716 mihi
1307 658 1510 718 dicent
1537 661 1641 717 aut
1668 677 1846 735 quam
1874 677 2114 737 causam
2142 661 2478 735 reperient?

330 755 449 817 235
651 758 943 829 Demiror.
1027 757 1140 815 GE.
1172 755 1396 835 (aside)
1434 756 1616 832 Atqui
1646 756 1975 832 reperiam:
2009 756 2167 815 aliud
2195 759 2353 816 cura.
2440 760 2555 818 DE.
2586 760 2675 839 (to
2811 785 2835 835 ς

1133 853 1408 930 htmself)
1444 856 1539 913 An
1567 854 1685 913 hoc
1712 853 1876 914 dicet
1904 854 2086 914 mihi:

653 954 912 1010 ‘Inuitus
934 951 1066 1010 feci.
1135 951 1230 1009 lex
1251 952 1478 1027 οοὲςίῑ’
1494 953 1522 1010 Ρ
1551 951 1750 1025 audio,
1774 951 1979 1011 fateor.
2050 953 2166 1012 GE.
2197 952 2421 1031 (aside)
2454 954 2675 1014 Places·

510 1052 623 1109 DE.
663 1050 751 1128 (to
778 1047 1051 1127 himsef)
1080 1050 1303 1107 Verum
1331 1048 1635 1124 scientem,
1667 1049 1911 1108 tacitum
1940 1067 2179 1108 causam
2208 1050 2437 1109 tradere
2466 1050 2675 1110 aduor-

1135 1146 1315 1220 sanis,

656 1244 929 1303 EtiAmne
968 1242 1030 1302 id
1069 1243 1165 1302 lex
1199 1231 1439 1320 coegit?
1519 1246 1631 1304 Pu.
1670 1242 1867 1322 (asaede
1908 1254 1964 1304 to
2007 1243 2207 1321 GETA)
2246 1245 2402 1305 Illud
2444 1245 2676 1306 durum.

1136 1341 1477 1419 GE.(as1de
1506 1349 1562 1400 to
1591 1341 1934 1418 ΡΗΑΕΒΕΙΑ)
1974 1343 2106 1418 Ego
2136 1343 2488 1420 expediam:
2530 1344 2675 1403 sine.

507 1444 623 1499 DE.
663 1439 750 1518 (to
777 1437 1051 1517 himself)
1091 1440 1447 1497 Incertumst
1475 1438 1620 1514 quid
1650 1457 1839 1518 agam,
1871 1442 2009 1515 quia
2035 1449 2269 1516 praeter
2296 1458 2466 1516 spem
2498 1451 2677 1517 atque

1134 1535 1478 1594 incredibile
1509 1535 1626 1595 hoc
1656 1535 1738 1594 mi
1766 1535 2015 1612 obtigit:
2302 1569 2308 1574 -
2360 1593 2363 1595 Α
2696 1555 2702 1561 ·

329 1634 449 1693 240
654 1635 748 1692 Ita
791 1651 922 1691 sum
965 1633 1246 1706 inritatus,
1290 1632 1552 1692 animum
1591 1641 1658 1692 ut
1700 1651 1994 1712 nequeam
2038 1633 2117 1693 ad
2162 1634 2545 1720 cogitantium
2589 1637 2676 1695 in·
2787 1665 2842 1697 10

1135 1733 1394 1790 stituere.
1420 1756 1424 1760 >

653 1828 850 1903 Quam
878 1826 960 1888 ob
987 1845 1112 1886 rem
1141 1827 1352 1901 omniS,
1381 1846 1564 1903 quom
1593 1829 1892 1888 secundae
1920 1848 2013 1888 res
2051 1839 2188 1888 sunt
2226 1833 2521 1905 maxume,
2551 1840 2677 1890 tum

1137 1927 1411 1984 maxume

653 2023 934 2082 Meditari
989 2041 1192 2082 secum
1247 2027 1501 2099 oportet,
1557 2042 1679 2100 quo
1731 2034 1911 2102 pacto
1969 2024 2281 2084 aduersam
2336 2031 2679 2088 aerumnam

1134 2122 1357 2180 ferant:

657 2217 936 2298 [Pericla‚
967 2219 1202 2292 damna,
1233 2219 1408 2278 exilia
1435 2238 1683 2298 peregre
1712 2219 1950 2280 rediens
1978 2239 2214 2297 semper
2240 2220 2496 2300 cogitet]

653 2320 772 2376 Aut
799 2316 882 2376 ffli
908 2326 1223 2394 peccatum
1251 2321 1352 2376 aut
1378 2317 1573 2376 uxoris
1603 2321 1857 2377 mortem
1884 2327 1986 2376 aut
2014 2319 2289 2378 morbum
2317 2319 2471 2377 filiae
2490 2340 2510 2393 ς

331 2415 450 2474 245
654 2414 1011 2474 Communia
1039 2433 1166 2473 esse
1195 2414 1362 2486 haec,
1387 2414 1513 2473 fieri
1533 2432 1729 2490 posse,
1753 2425 1818 2473 ut
1838 2417 1913 2473 ne
1935 2414 2081 2490 quid
2103 2415 2303 2475 animo
2324 2419 2398 2474 sit
2416 2435 2678 2490 nouom,
2665 2438 2677 2450 ·
2788 2443 2838 2491 15

652 2511 961 2587 Quidquid
979 2521 1216 2588 praeter
1229 2530 1397 2587 spem
1418 2511 1673 2584 eueniat,
1688 2530 1865 2570 omne
1884 2512 1947 2571 id
1964 2513 2251 2588 deputare
2270 2531 2397 2572 esse
2418 2516 2479 2572 in
2493 2515 2679 2572 lucro.

512 2611 624 2669 GE.
662 2608 856 2688 (asecle
904 2617 961 2667 to
1009 2606 1351 2685 PmEDmA)
1407 2609 1464 2668 O
1515 2608 1825 2682 Phaedria,
1874 2609 2348 2690 incredibile[st]
2394 2620 2681 2686 quantum

1140 2724 1306 2764 erum
1334 2669 1576 2816 anteleo
1603 2705 1911 2782 sapientia.

657 2805 952 2864 Meditata
980 2803 1124 2862 mihi
1152 2813 1287 2862 sunt
1314 2808 1515 2863 omma
1541 2822 1677 2862 mea
1704 2803 2106 2879 incommoda,
2134 2824 2267 2865 erus
2297 2807 2346 2865 si
2372 2806 2648 2866 redierit:

299 2938 304 2944 -
657 2901 1106 2960 Molendumst
1089 2920 1153 2960 m
1178 2902 1446 2979 pistrin0,
1473 2901 1895 2977 uapulandum,
1923 2900 2235 2962 habendae
2262 2903 2607 2980 compedeS,

217 2985 222 2990 ¹
333 2999 452 3058 250
655 2999 824 3075 Opus
857 2999 973 3058 ruri
1017 2997 1377 3058 faciundum.
1460 2997 1674 3058 horum
1714 2998 1798 3057 nil
1839 2998 2159 3074 quicquam
2204 2999 2439 3058 accidet
2480 3001 2680 3060 animo
2784 3028 2842 3060 20

1139 3115 1381 3157 nouom.

659 3192 966 3270 Quidquid
1006 3197 1246 3271 pr'aeter
1283 3212 1452 3270 spem
1495 3193 1749 3267 eueniet,
1778 3212 1956 3253 omne
1999 3193 2063 3254 id
2104 3193 2410 3270 deputabo
2451 3213 2578 3254 esse
2621 3199 2681 3254 in

1137 3291 1319 3351 lucro,

656 3388 774 3448 Sed
802 3389 946 3465 quid
974 3407 1170 3448 cessas
1198 3389 1504 3448 hominem
1533 3388 1696 3448 adire
1728 3399 1788 3448 et
1822 3389 2041 3449 blande
2078 3389 2140 3447 in
2180 3389 2475 3466 principio
2518 3355 2680 3449 adlo-

1140 3487 1283 3563 qui?
1360 3486 1702 3565 (PHAEDRIA
1734 3504 1919 3543 comes
1940 3485 2240 3559 forward
2272 3495 2329 3544 to
2372 3494 2523 3544 meet
2557 3488 2678 3545 DE-

1135 3582 1380 3660 MIPHO.)
