<?xml version="1.0" encoding="UTF-8"?>
<!DOCTYPE html PUBLIC "-//W3C//DTD XHTML 1.0 Transitional//EN"
    "http://www.w3.org/TR/xhtml1/DTD/xhtml1-transitional.dtd">
<html xmlns="http://www.w3.org/1999/xhtml" xml:lang="en" lang="en">
 <head>
  <title>
</title>
<meta http-equiv="Content-Type" content="text/html;charset=utf-8" />
  <meta name='ocr-system' content='tesseract 3.04.00' />
  <meta name='ocr-capabilities' content='ocr_page ocr_carea ocr_par ocr_line ocrx_word'/>
</head>
<body>
  <div class='ocr_page' id='page_1' title='image "./pterentiafripho00rolfgoog/pterentiafripho00rolfgoog_0189.png"; bbox 0 0 3259 4134; ppageno 0'>
   <div class='ocr_carea' id='block_1_1' title="bbox 609 304 2713 376">
    <p class='ocr_par' dir='ltr' id='par_1_1' title="bbox 609 304 2713 376">
     <span class='ocr_line' id='line_1_1' title="bbox 609 304 2713 376; baseline -0.002 -14"><span class='ocrx_word' id='word_1_1' title='bbox 609 311 660 362; x_wconf 85' lang='lat' dir='ltr'>V</span> <span class='ocrx_word' id='word_1_2' title='bbox 681 311 729 372; x_wconf 89' lang='lat'><strong>8,</strong></span> <span class='ocrx_word' id='word_1_3' title='bbox 755 311 941 376; x_wconf 82' lang='lat'>28-353</span> <span class='ocrx_word' id='word_1_4' title='bbox 973 323 1021 372; x_wconf 86' lang='lat'><strong>9,</strong></span> <span class='ocrx_word' id='word_1_5' title='bbox 1045 309 1214 374; x_wconf 87' lang='lat'>1—14.]</span> <span class='ocrx_word' id='word_1_6' title='bbox 1458 304 1861 358; x_wconf 85' lang='lat' dir='ltr'><strong>ADELPHOE.</strong></span> <span class='ocrx_word' id='word_1_7' title='bbox 2650 307 2713 358; x_wconf 82' lang='lat'><strong>53</strong></span> 
     </span>
    </p>
   </div>
   <div class='ocr_carea' id='block_1_2' title="bbox 613 471 2723 3845">
    <p class='ocr_par' dir='ltr' id='par_1_2' title="bbox 858 471 2714 741">
     <span class='ocr_line' id='line_1_2' title="bbox 858 471 2713 548; baseline -0.001 -16"><span class='ocrx_word' id='word_1_8' title='bbox 858 475 1165 532; x_wconf 77' lang='lat' dir='ltr'><strong>Postremo</strong></span> <span class='ocrx_word' id='word_1_9' title='bbox 1194 491 1317 530; x_wconf 88' lang='lat' dir='ltr'><strong>non</strong></span> <span class='ocrx_word' id='word_1_10' title='bbox 1345 491 1546 530; x_wconf 87' lang='lat' dir='ltr'><strong>meum</strong></span> <span class='ocrx_word' id='word_1_11' title='bbox 1574 471 1717 530; x_wconf 82' lang='lat' dir='ltr'><strong>illud</strong></span> <span class='ocrx_word' id='word_1_12' title='bbox 1744 471 1990 530; x_wconf 87' lang='lat' dir='ltr'><strong>uerbum</strong></span> <span class='ocrx_word' id='word_1_13' title='bbox 2021 472 2193 545; x_wconf 71' lang='lat' dir='ltr'><strong>facio,</strong></span> <span class='ocrx_word' id='word_1_14' title='bbox 2217 471 2382 548; x_wconf 88' lang='lat' dir='ltr'><strong>quod</strong></span> <span class='ocrx_word' id='word_1_15' title='bbox 2404 481 2485 544; x_wconf 92' lang='lat' dir='ltr'><strong>tu,</strong></span> <span class='ocrx_word' id='word_1_16' title='bbox 2509 473 2713 545; x_wconf 82' lang='lat' dir='ltr'><strong>Micio,</strong></span> 
     </span>
     <span class='ocr_line' id='line_1_3' title="bbox 859 568 2714 647; baseline -0.001 -17"><span class='ocrx_word' id='word_1_17' title='bbox 859 573 1022 631; x_wconf 87' lang='lat' dir='ltr'><strong>Bene</strong></span> <span class='ocrx_word' id='word_1_18' title='bbox 1053 573 1116 640; x_wconf 75' lang='lat' dir='ltr'><strong>et</strong></span> <span class='ocrx_word' id='word_1_19' title='bbox 1141 571 1438 647; x_wconf 84' lang='lat' dir='ltr'><strong>sapienter</strong></span> <span class='ocrx_word' id='word_1_20' title='bbox 1463 569 1610 628; x_wconf 77' lang='lat' dir='ltr'><strong>dixti</strong></span> <span class='ocrx_word' id='word_1_21' title='bbox 1640 568 1905 630; x_wconf 85' lang='lat' dir='ltr'><strong>dudum:</strong></span> <span class='ocrx_word' id='word_1_22' title='bbox 1952 570 2179 628; x_wconf 85' lang='lat' dir='ltr'><strong>‘uitium</strong></span> <span class='ocrx_word' id='word_1_23' title='bbox 2224 589 2543 629; x_wconf 88' lang='lat' dir='ltr'><strong>commune</strong></span> <span class='ocrx_word' id='word_1_24' title='bbox 2586 573 2714 629; x_wconf 81' lang='lat' dir='ltr'><strong>om-</strong></span> 
     </span>
     <span class='ocr_line' id='line_1_4' title="bbox 1500 669 1737 741; baseline 0 -15"><span class='ocrx_word' id='word_1_25' title='bbox 1500 669 1737 741; x_wconf 89' lang='lat' dir='ltr'><strong>niumst,</strong></span> 
     </span>
    </p>

    <p class='ocr_par' dir='ltr' id='par_1_3' title="bbox 616 765 2716 922">
     <span class='ocr_line' id='line_1_5' title="bbox 616 765 2716 842; baseline -0 -18"><span class='ocrx_word' id='word_1_26' title='bbox 616 784 668 824; x_wconf 76' lang='grc' dir='ltr'><strong>ω</strong></span> <span class='ocrx_word' id='word_1_27' title='bbox 857 765 1040 842; x_wconf 87' lang='lat' dir='ltr'><strong>Quod</strong></span> <span class='ocrx_word' id='word_1_28' title='bbox 1079 767 1328 826; x_wconf 82' lang='lat' dir='ltr'><strong>nimium</strong></span> <span class='ocrx_word' id='word_1_29' title='bbox 1366 765 1444 825; x_wconf 90' lang='lat' dir='ltr'><strong>ad</strong></span> <span class='ocrx_word' id='word_1_30' title='bbox 1485 785 1610 825; x_wconf 89' lang='lat' dir='ltr'><strong>rem</strong></span> <span class='ocrx_word' id='word_1_31' title='bbox 1640 767 1701 824; x_wconf 87' lang='lat' dir='ltr'><strong>in</strong></span> <span class='ocrx_word' id='word_1_32' title='bbox 1730 768 1970 824; x_wconf 74' lang='lat' dir='ltr'><strong>senecta</strong></span> <span class='ocrx_word' id='word_1_33' title='bbox 2000 766 2211 826; x_wconf 80' lang='lat' dir='ltr'><strong>attenti</strong></span> <span class='ocrx_word' id='word_1_34' title='bbox 2242 768 2479 825; x_wconf 71' lang='lat' dir='ltr'><strong>sumus&#39;.</strong></span> <span class='ocrx_word' id='word_1_35' title='bbox 2564 765 2716 824; x_wconf 81' lang='lat' dir='ltr'><strong>hanc</strong></span> 
     </span>
     <span class='ocr_line' id='line_1_6' title="bbox 1502 861 2142 922; baseline 0 0"><span class='ocrx_word' id='word_1_36' title='bbox 1502 862 1797 922; x_wconf 82' lang='lat' dir='ltr'><strong>maculam</strong></span> <span class='ocrx_word' id='word_1_37' title='bbox 1824 865 1935 922; x_wconf 81' lang='lat' dir='ltr'><strong>nos</strong></span> <span class='ocrx_word' id='word_1_38' title='bbox 1963 861 2142 922; x_wconf 91' lang='lat' dir='ltr'><strong>decet</strong></span> 
     </span>
    </p>

    <p class='ocr_par' dir='ltr' id='par_1_4' title="bbox 863 959 2714 1038">
     <span class='ocr_line' id='line_1_7' title="bbox 863 959 2714 1038; baseline 0 -19"><span class='ocrx_word' id='word_1_39' title='bbox 863 961 1156 1038; x_wconf 77' lang='lat' dir='ltr'><strong>chugere</strong></span> <span class='ocrx_word' id='word_1_40' title='bbox 1177 982 1210 1035; x_wconf 85' lang='lat'><strong>3.</strong></span> <span class='ocrx_word' id='word_1_41' title='bbox 1259 970 1321 1020; x_wconf 93' lang='lat' dir='ltr'><strong>et</strong></span> <span class='ocrx_word' id='word_1_42' title='bbox 1367 959 1650 1019; x_wconf 89' lang='lat' dir='ltr'><strong>dictumst</strong></span> <span class='ocrx_word' id='word_1_43' title='bbox 1698 962 1839 1018; x_wconf 76' lang='lat' dir='ltr'><strong>uere</strong></span> <span class='ocrx_word' id='word_1_44' title='bbox 1888 969 1950 1019; x_wconf 88' lang='lat' dir='ltr'><strong>et</strong></span> <span class='ocrx_word' id='word_1_45' title='bbox 1994 978 2058 1018; x_wconf 89' lang='lat' dir='ltr'><strong>re</strong></span> <span class='ocrx_word' id='word_1_46' title='bbox 2106 960 2237 1036; x_wconf 87' lang='lat' dir='ltr'><strong>ipsa</strong></span> <span class='ocrx_word' id='word_1_47' title='bbox 2284 960 2410 1018; x_wconf 83' lang='lat' dir='ltr'><strong>fleri</strong></span> <span class='ocrx_word' id='word_1_48' title='bbox 2458 969 2714 1037; x_wconf 87' lang='lat' dir='ltr'><strong>oportet.</strong></span> 
     </span>
    </p>

    <p class='ocr_par' dir='ltr' id='par_1_5' title="bbox 1504 1059 2711 1134">
     <span class='ocr_line' id='line_1_8' title="bbox 1504 1059 2711 1134; baseline 0 -18"><span class='ocrx_word' id='word_1_49' title='bbox 1504 1060 1614 1117; x_wconf 81' lang='grc' dir='ltr'><strong>ΑΕ.</strong></span> <span class='ocrx_word' id='word_1_50' title='bbox 1661 1059 1749 1116; x_wconf 79' lang='lat' dir='ltr'><strong>Mi</strong></span> <span class='ocrx_word' id='word_1_51' title='bbox 1779 1066 1965 1133; x_wconf 88' lang='lat' dir='ltr'><strong>pater.</strong></span> <span class='ocrx_word' id='word_1_52' title='bbox 2598 1075 2711 1134; x_wconf 86' lang='lat'><strong>955</strong></span> 
     </span>
    </p>

    <p class='ocr_par' dir='ltr' id='par_1_6' title="bbox 699 1151 2715 1312">
     <span class='ocr_line' id='line_1_9' title="bbox 699 1151 2715 1232; baseline -0.001 -16"><span class='ocrx_word' id='word_1_53' title='bbox 699 1157 810 1216; x_wconf 71' lang='lat' dir='ltr'><strong>Mt.</strong></span> <span class='ocrx_word' id='word_1_54' title='bbox 859 1155 1022 1232; x_wconf 86' lang='lat' dir='ltr'><strong>Quid</strong></span> <span class='ocrx_word' id='word_1_55' title='bbox 1079 1157 1212 1216; x_wconf 82' lang='lat' dir='ltr'><strong>istic</strong></span> <span class='ocrx_word' id='word_1_56' title='bbox 1225 1157 1254 1214; x_wconf 62' lang='lat' dir='ltr'><strong>P</strong></span> <span class='ocrx_word' id='word_1_57' title='bbox 1359 1153 1594 1214; x_wconf 85' lang='lat' dir='ltr'><strong>dabitur</strong></span> <span class='ocrx_word' id='word_1_58' title='bbox 1650 1151 2137 1230; x_wconf 71' lang='lat' dir='ltr'><strong>quandoquidem</strong></span> <span class='ocrx_word' id='word_1_59' title='bbox 2194 1155 2290 1212; x_wconf 88' lang='lat' dir='ltr'><strong>hic</strong></span> <span class='ocrx_word' id='word_1_60' title='bbox 2352 1155 2496 1214; x_wconf 88' lang='lat' dir='ltr'><strong>uolt.</strong></span> <span class='ocrx_word' id='word_1_61' title='bbox 2605 1156 2715 1213; x_wconf 78' lang='grc' dir='ltr'><strong>ΑΕ.</strong></span> 
     </span>
     <span class='ocr_line' id='line_1_10' title="bbox 1503 1251 2136 1312; baseline 0 -1"><span class='ocrx_word' id='word_1_62' title='bbox 1503 1251 1759 1312; x_wconf 74' lang='lat' dir='ltr'><strong>Gafideo</strong></span> <span class='ocrx_word' id='word_1_63' title='bbox 1786 1297 1848 1306; x_wconf 84' lang='lat'><em>-</em></span> <span class='ocrx_word' id='word_1_64' title='bbox 1872 1259 1935 1302; x_wconf 78' lang='lat'><strong>—‘</strong></span> <span class='ocrx_word' id='word_1_65' title='bbox 1964 1277 2015 1307; x_wconf 76' lang='grc' dir='ltr'><strong>υ</strong></span> <span class='ocrx_word' id='word_1_66' title='bbox 2042 1297 2105 1306; x_wconf 88' lang='grc'><strong>--</strong></span> <span class='ocrx_word' id='word_1_67' title='bbox 2122 1296 2136 1311; x_wconf 91' lang='grc'><strong>.</strong></span> 
     </span>
    </p>

    <p class='ocr_par' dir='ltr' id='par_1_7' title="bbox 616 1349 2723 1623">
     <span class='ocr_line' id='line_1_11' title="bbox 701 1349 2716 1426; baseline -0.001 -16"><span class='ocrx_word' id='word_1_68' title='bbox 701 1352 818 1412; x_wconf 74' lang='grc' dir='ltr'><strong>ΒΕ.</strong></span> <span class='ocrx_word' id='word_1_69' title='bbox 839 1361 981 1402; x_wconf 59' lang='lat' dir='ltr'><strong>-ss</strong></span> <span class='ocrx_word' id='word_1_70' title='bbox 1002 1376 1052 1406; x_wconf 77' lang='grc' dir='ltr'><strong>υ</strong></span> <span class='ocrx_word' id='word_1_71' title='bbox 1087 1368 1246 1408; x_wconf 88' lang='lat' dir='ltr'><strong>nunc</strong></span> <span class='ocrx_word' id='word_1_72' title='bbox 1275 1360 1337 1409; x_wconf 90' lang='lat' dir='ltr'><strong>tu</strong></span> <span class='ocrx_word' id='word_1_73' title='bbox 1360 1350 1442 1408; x_wconf 88' lang='lat' dir='ltr'><strong>mi</strong></span> <span class='ocrx_word' id='word_1_74' title='bbox 1462 1352 1526 1408; x_wconf 72' lang='lat' dir='ltr'><strong>es</strong></span> <span class='ocrx_word' id='word_1_75' title='bbox 1547 1367 1861 1426; x_wconf 87' lang='lat' dir='ltr'><strong>germanus</strong></span> <span class='ocrx_word' id='word_1_76' title='bbox 1889 1351 2105 1426; x_wconf 75' lang='lat' dir='ltr'><strong>patiter</strong></span> <span class='ocrx_word' id='word_1_77' title='bbox 2131 1349 2331 1408; x_wconf 84' lang='lat' dir='ltr'><strong>animo</strong></span> <span class='ocrx_word' id='word_1_78' title='bbox 2359 1358 2419 1408; x_wconf 90' lang='lat' dir='ltr'><strong>et</strong></span> <span class='ocrx_word' id='word_1_79' title='bbox 2448 1352 2716 1425; x_wconf 81' lang='lat' dir='ltr'><strong>corpore.</strong></span> 
     </span>
     <span class='ocr_line' id='line_1_12' title="bbox 616 1445 2723 1527; baseline -0 -21"><span class='ocrx_word' id='word_1_80' title='bbox 616 1450 672 1506; x_wconf 91' lang='lat' dir='ltr'>V</span> <span class='ocrx_word' id='word_1_81' title='bbox 698 1464 750 1504; x_wconf 79' lang='lat'><strong>³⁵</strong></span> <span class='ocrx_word' id='word_1_82' title='bbox 867 1445 1095 1527; x_wconf 86' lang='lat' dir='ltr'><strong>(aside)</strong></span> <span class='ocrx_word' id='word_1_83' title='bbox 1145 1448 1264 1508; x_wconf 80' lang='lat' dir='ltr'><strong>Suo</strong></span> <span class='ocrx_word' id='word_1_84' title='bbox 1305 1447 1415 1506; x_wconf 87' lang='lat' dir='ltr'>sibi</span> <span class='ocrx_word' id='word_1_85' title='bbox 1469 1446 1669 1527; x_wconf 84' lang='lat' dir='ltr'><strong>gladio</strong></span> <span class='ocrx_word' id='word_1_86' title='bbox 1724 1447 1881 1506; x_wconf 91' lang='lat' dir='ltr'><strong>hunc</strong></span> <span class='ocrx_word' id='word_1_87' title='bbox 1938 1448 2156 1523; x_wconf 66' lang='lat' dir='ltr'><strong>iugula</strong></span> <span class='ocrx_word' id='word_1_88' title='bbox 2174 1481 2255 1489; x_wconf 91' lang='lat'><strong>—</strong></span> <span class='ocrx_word' id='word_1_89' title='bbox 2272 1448 2365 1505; x_wconf 80' lang='lat' dir='ltr'><strong>Sv.</strong></span> <span class='ocrx_word' id='word_1_90' title='bbox 2426 1446 2723 1523; x_wconf 75' lang='lat' dir='ltr'><strong>(enten‘ng</strong></span> 
     </span>
     <span class='ocr_line' id='line_1_13' title="bbox 617 1543 2717 1623; baseline 0.001 -21"><span class='ocrx_word' id='word_1_91' title='bbox 617 1566 656 1622; x_wconf 99' lang='lat'><strong>9</strong></span> <span class='ocrx_word' id='word_1_92' title='bbox 1482 1544 1655 1619; x_wconf 84' lang='lat' dir='ltr'><strong>from</strong></span> <span class='ocrx_word' id='word_1_93' title='bbox 1693 1546 1933 1604; x_wconf 78' lang='lat' dir='ltr'><strong>Mrclo&#39;s</strong></span> <span class='ocrx_word' id='word_1_94' title='bbox 1960 1543 2169 1623; x_wconf 76' lang='lat' dir='ltr'><strong>house)</strong></span> <span class='ocrx_word' id='word_1_95' title='bbox 2209 1545 2514 1603; x_wconf 88' lang='lat' dir='ltr'><strong>Factumst</strong></span> <span class='ocrx_word' id='word_1_96' title='bbox 2553 1543 2717 1620; x_wconf 64' lang='lat' dir='ltr'><strong>qued</strong></span> 
     </span>
    </p>

    <p class='ocr_par' dir='ltr' id='par_1_8' title="bbox 1503 1641 2019 1714">
     <span class='ocr_line' id='line_1_14' title="bbox 1503 1641 2019 1714; baseline 0.004 -15"><span class='ocrx_word' id='word_1_97' title='bbox 1503 1641 1736 1714; x_wconf 87' lang='lat' dir='ltr'><strong>iussisti,</strong></span> <span class='ocrx_word' id='word_1_98' title='bbox 1770 1644 2019 1701; x_wconf 80' lang='lat' dir='ltr'><strong>Demea.</strong></span> 
     </span>
    </p>

    <p class='ocr_par' dir='ltr' id='par_1_9' title="bbox 697 1738 2717 1818">
     <span class='ocr_line' id='line_1_15' title="bbox 697 1738 2717 1818; baseline -0.001 -18"><span class='ocrx_word' id='word_1_99' title='bbox 697 1741 815 1801; x_wconf 77' lang='lat' dir='ltr'><strong>DE.</strong></span> <span class='ocrx_word' id='word_1_100' title='bbox 861 1741 1039 1818; x_wconf 76' lang='lat' dir='ltr'><strong>Frugi</strong></span> <span class='ocrx_word' id='word_1_101' title='bbox 1058 1740 1241 1799; x_wconf 90' lang='lat' dir='ltr'><strong>homo</strong></span> <span class='ocrx_word' id='word_1_102' title='bbox 1263 1758 1343 1799; x_wconf 88' lang='lat' dir='ltr'><strong>es.</strong></span> <span class='ocrx_word' id='word_1_103' title='bbox 1388 1757 1530 1816; x_wconf 88' lang='lat' dir='ltr'><strong>ergo</strong></span> <span class='ocrx_word' id='word_1_104' title='bbox 1551 1738 1771 1815; x_wconf 76' lang='lat' dir='ltr'><strong>edepol</strong></span> <span class='ocrx_word' id='word_1_105' title='bbox 1792 1739 1971 1799; x_wconf 90' lang='lat' dir='ltr'><strong>hodie</strong></span> <span class='ocrx_word' id='word_1_106' title='bbox 1996 1741 2129 1798; x_wconf 70' lang='lat' dir='ltr'><strong>mea</strong></span> <span class='ocrx_word' id='word_1_107' title='bbox 2148 1739 2393 1816; x_wconf 88' lang='lat' dir='ltr'><strong>quidem</strong></span> <span class='ocrx_word' id='word_1_108' title='bbox 2410 1741 2717 1799; x_wconf 76' lang='lat' dir='ltr'><strong>sententia.</strong></span> 
     </span>
    </p>

    <p class='ocr_par' dir='ltr' id='par_1_10' title="bbox 613 1837 2721 3845">
     <span class='ocr_line' id='line_1_16' title="bbox 859 1837 2717 1914; baseline -0.002 -17"><span class='ocrx_word' id='word_1_109' title='bbox 859 1837 1074 1898; x_wconf 76' lang='lat' dir='ltr'><strong>Iudico</strong></span> <span class='ocrx_word' id='word_1_110' title='bbox 1121 1838 1326 1914; x_wconf 90' lang='lat' dir='ltr'><strong>Syrum</strong></span> <span class='ocrx_word' id='word_1_111' title='bbox 1367 1837 1492 1896; x_wconf 84' lang='lat' dir='ltr'><strong>fleri</strong></span> <span class='ocrx_word' id='word_1_112' title='bbox 1535 1853 1665 1894; x_wconf 84' lang='lat' dir='ltr'><strong>esse</strong></span> <span class='ocrx_word' id='word_1_113' title='bbox 1708 1854 1964 1912; x_wconf 86' lang='lat' dir='ltr'><strong>aequom</strong></span> <span class='ocrx_word' id='word_1_114' title='bbox 2001 1837 2268 1897; x_wconf 84' lang='lat' dir='ltr'><strong>liberum.</strong></span> <span class='ocrx_word' id='word_1_115' title='bbox 2363 1837 2470 1895; x_wconf 88' lang='lat' dir='ltr'><strong>M1.</strong></span> <span class='ocrx_word' id='word_1_116' title='bbox 2514 1837 2717 1894; x_wconf 90' lang='lat' dir='ltr'><strong>Istunc</strong></span> 
     </span>
     <span class='ocr_line' id='line_1_17' title="bbox 1497 1934 2719 2010; baseline 0 -18"><span class='ocrx_word' id='word_1_117' title='bbox 1497 1934 1749 1993; x_wconf 78' lang='lat' dir='ltr'><strong>liberum</strong></span> <span class='ocrx_word' id='word_1_118' title='bbox 1764 1935 1792 1992; x_wconf 84' lang='lat'><strong>?</strong></span> <span class='ocrx_word' id='word_1_119' title='bbox 2600 1937 2719 2010; x_wconf 90' lang='lat'><strong>960</strong></span> 
     </span>
     <span class='ocr_line' id='line_1_18' title="bbox 859 2030 2721 2107; baseline -0.001 -17"><span class='ocrx_word' id='word_1_120' title='bbox 859 2031 1041 2107; x_wconf 81' lang='lat' dir='ltr'><strong>Quod</strong></span> <span class='ocrx_word' id='word_1_121' title='bbox 1095 2049 1234 2090; x_wconf 86' lang='lat' dir='ltr'><strong>nam</strong></span> <span class='ocrx_word' id='word_1_122' title='bbox 1291 2031 1372 2090; x_wconf 90' lang='lat' dir='ltr'><strong>ob</strong></span> <span class='ocrx_word' id='word_1_123' title='bbox 1425 2032 1693 2090; x_wconf 78' lang='lat' dir='ltr'><strong>sactum?</strong></span> <span class='ocrx_word' id='word_1_124' title='bbox 1793 2031 1909 2089; x_wconf 73' lang='lat' dir='ltr'><strong>DE.</strong></span> <span class='ocrx_word' id='word_1_125' title='bbox 1954 2030 2163 2088; x_wconf 72' lang='lat' dir='ltr'><strong>Multa.</strong></span> <span class='ocrx_word' id='word_1_126' title='bbox 2272 2031 2366 2089; x_wconf 76' lang='lat' dir='ltr'><strong>Sv.</strong></span> <span class='ocrx_word' id='word_1_127' title='bbox 2410 2031 2467 2090; x_wconf 94' lang='grc' dir='ltr'>Ο</span> <span class='ocrx_word' id='word_1_128' title='bbox 2520 2039 2721 2088; x_wconf 86' lang='lat' dir='ltr'><strong>noster</strong></span> 
     </span>
     <span class='ocr_line' id='line_1_19' title="bbox 1499 2127 2370 2203; baseline 0 -17"><span class='ocrx_word' id='word_1_129' title='bbox 1499 2129 1752 2200; x_wconf 70' lang='lat' dir='ltr'><strong>Demea,</strong></span> <span class='ocrx_word' id='word_1_130' title='bbox 1781 2127 1999 2203; x_wconf 88' lang='lat' dir='ltr'><strong>edepol</strong></span> <span class='ocrx_word' id='word_1_131' title='bbox 2027 2130 2116 2185; x_wconf 86' lang='lat' dir='ltr'><strong>uir</strong></span> <span class='ocrx_word' id='word_1_132' title='bbox 2141 2128 2370 2186; x_wconf 81' lang='lat' dir='ltr'><strong>bonu’S.</strong></span> 
     </span>
     <span class='ocr_line' id='line_1_20' title="bbox 640 2211 2605 2302; baseline 0.001 -20"><span class='ocrx_word' id='word_1_133' title='bbox 640 2241 668 2282; x_wconf 71' lang='lat' dir='ltr'><strong>o</strong></span> <span class='ocrx_word' id='word_1_134' title='bbox 859 2211 992 2301; x_wconf 78' lang='lat' dir='ltr'><strong>Ego</strong></span> <span class='ocrx_word' id='word_1_135' title='bbox 1019 2226 1164 2284; x_wconf 88' lang='lat' dir='ltr'><strong>istos</strong></span> <span class='ocrx_word' id='word_1_136' title='bbox 1191 2225 1362 2284; x_wconf 88' lang='lat' dir='ltr'><strong>uobis</strong></span> <span class='ocrx_word' id='word_1_137' title='bbox 1387 2228 1574 2300; x_wconf 75' lang='lat' dir='ltr'><strong>usque</strong></span> <span class='ocrx_word' id='word_1_138' title='bbox 1603 2245 1643 2284; x_wconf 90' lang='lat' dir='ltr'><strong>a</strong></span> <span class='ocrx_word' id='word_1_139' title='bbox 1669 2225 1865 2302; x_wconf 89' lang='lat' dir='ltr'><strong>pueris</strong></span> <span class='ocrx_word' id='word_1_140' title='bbox 1893 2225 2094 2284; x_wconf 73' lang='lat' dir='ltr'><strong>curaui</strong></span> <span class='ocrx_word' id='word_1_141' title='bbox 2124 2226 2331 2284; x_wconf 85' lang='lat' dir='ltr'><strong>ambos</strong></span> <span class='ocrx_word' id='word_1_142' title='bbox 2358 2224 2605 2284; x_wconf 74' lang='lat' dir='ltr'><strong>sedulo:</strong></span> 
     </span>
     <span class='ocr_line' id='line_1_21' title="bbox 859 2322 2717 2399; baseline 0.001 -18"><span class='ocrx_word' id='word_1_143' title='bbox 859 2322 1074 2394; x_wconf 79' lang='lat' dir='ltr'><strong>Docui,</strong></span> <span class='ocrx_word' id='word_1_144' title='bbox 1105 2322 1326 2394; x_wconf 89' lang='lat' dir='ltr'><strong>monui,</strong></span> <span class='ocrx_word' id='word_1_145' title='bbox 1355 2322 1510 2380; x_wconf 76' lang='lat' dir='ltr'><strong>bene</strong></span> <span class='ocrx_word' id='word_1_146' title='bbox 1539 2325 1817 2399; x_wconf 81' lang='lat' dir='ltr'><strong>praecepi</strong></span> <span class='ocrx_word' id='word_1_147' title='bbox 1846 2325 2084 2399; x_wconf 79' lang='lat' dir='ltr'><strong>semper</strong></span> <span class='ocrx_word' id='word_1_148' title='bbox 2110 2341 2262 2398; x_wconf 86' lang='lat' dir='ltr'><strong>quae</strong></span> <span class='ocrx_word' id='word_1_149' title='bbox 2305 2323 2472 2398; x_wconf 92' lang='lat' dir='ltr'><strong>potui</strong></span> <span class='ocrx_word' id='word_1_150' title='bbox 2501 2323 2717 2382; x_wconf 82' lang='lat' dir='ltr'><strong>omnia.</strong></span> 
     </span>
     <span class='ocr_line' id='line_1_22' title="bbox 696 2407 2718 2496; baseline 0 -18"><span class='ocrx_word' id='word_1_151' title='bbox 696 2421 813 2479; x_wconf 72' lang='lat' dir='ltr'><strong>DE.</strong></span> <span class='ocrx_word' id='word_1_152' title='bbox 856 2407 979 2478; x_wconf 71' lang='lat' dir='ltr'><strong>Res</strong></span> <span class='ocrx_word' id='word_1_153' title='bbox 1001 2428 1266 2496; x_wconf 82' lang='lat' dir='ltr'><strong>apparet.</strong></span> <span class='ocrx_word' id='word_1_154' title='bbox 1349 2421 1410 2478; x_wconf 78' lang='lat' dir='ltr'><strong>et</strong></span> <span class='ocrx_word' id='word_1_155' title='bbox 1429 2419 1675 2494; x_wconf 90' lang='lat' dir='ltr'><strong>quidem</strong></span> <span class='ocrx_word' id='word_1_156' title='bbox 1704 2438 1883 2496; x_wconf 91' lang='lat' dir='ltr'><strong>porro</strong></span> <span class='ocrx_word' id='word_1_157' title='bbox 1910 2421 2079 2492; x_wconf 87' lang='lat' dir='ltr'><strong>haec,</strong></span> <span class='ocrx_word' id='word_1_158' title='bbox 2102 2421 2390 2479; x_wconf 83' lang='lat' dir='ltr'><strong>obsonare</strong></span> <span class='ocrx_word' id='word_1_159' title='bbox 2419 2423 2557 2478; x_wconf 75' lang='lat' dir='ltr'><strong>cum</strong></span> <span class='ocrx_word' id='word_1_160' title='bbox 2579 2419 2718 2492; x_wconf 91' lang='lat' dir='ltr'><strong>fide,</strong></span> 
     </span>
     <span class='ocr_line' id='line_1_23' title="bbox 857 2515 2714 2594; baseline -0.001 -17"><span class='ocrx_word' id='word_1_161' title='bbox 857 2517 1129 2577; x_wconf 76' lang='lat' dir='ltr'><strong>Scortum</strong></span> <span class='ocrx_word' id='word_1_162' title='bbox 1157 2515 1476 2589; x_wconf 85' lang='lat' dir='ltr'><strong>adducere,</strong></span> <span class='ocrx_word' id='word_1_163' title='bbox 1506 2517 1791 2594; x_wconf 72' lang='lat' dir='ltr'><strong>adparare</strong></span> <span class='ocrx_word' id='word_1_164' title='bbox 1821 2517 1899 2576; x_wconf 75' lang='lat' dir='ltr'><strong>de</strong></span> <span class='ocrx_word' id='word_1_165' title='bbox 1930 2517 2028 2577; x_wconf 91' lang='lat' dir='ltr'><strong>die</strong></span> <span class='ocrx_word' id='word_1_166' title='bbox 2059 2517 2397 2576; x_wconf 81' lang='lat' dir='ltr'><strong>conuiuium</strong></span> <span class='ocrx_word' id='word_1_167' title='bbox 2422 2539 2434 2575; x_wconf 90' lang='lat'>:</span> <span class='ocrx_word' id='word_1_168' title='bbox 2600 2520 2714 2594; x_wconf 87' lang='lat'><strong>965</strong></span> 
     </span>
     <span class='ocr_line' id='line_1_24' title="bbox 857 2613 2711 2693; baseline -0.001 -20"><span class='ocrx_word' id='word_1_169' title='bbox 857 2615 1000 2674; x_wconf 77' lang='lat' dir='ltr'><strong>Non</strong></span> <span class='ocrx_word' id='word_1_170' title='bbox 1027 2613 1343 2674; x_wconf 88' lang='lat' dir='ltr'><strong>mediocris</strong></span> <span class='ocrx_word' id='word_1_171' title='bbox 1381 2615 1637 2675; x_wconf 80' lang='lat' dir='ltr'><strong>hominis</strong></span> <span class='ocrx_word' id='word_1_172' title='bbox 1678 2616 1825 2674; x_wconf 83' lang='lat' dir='ltr'><strong>haec</strong></span> <span class='ocrx_word' id='word_1_173' title='bbox 1868 2625 2004 2674; x_wconf 86' lang='lat' dir='ltr'><strong>sunt</strong></span> <span class='ocrx_word' id='word_1_174' title='bbox 2045 2614 2258 2674; x_wconf 81' lang='lat' dir='ltr'><strong>officia.</strong></span> <span class='ocrx_word' id='word_1_175' title='bbox 2340 2615 2435 2676; x_wconf 72' lang='lat' dir='ltr'><strong>SY.</strong></span> <span class='ocrx_word' id='word_1_176' title='bbox 2488 2614 2711 2693; x_wconf 84' lang='lat' dir='ltr'><strong>(aside)</strong></span> 
     </span>
     <span class='ocr_line' id='line_1_25' title="bbox 1499 2711 2077 2788; baseline -0.002 -17"><span class='ocrx_word' id='word_1_177' title='bbox 1499 2712 1556 2771; x_wconf 94' lang='lat' dir='ltr'>O</span> <span class='ocrx_word' id='word_1_178' title='bbox 1585 2711 1851 2788; x_wconf 72' lang='lat' dir='ltr'><strong>lepidum</strong></span> <span class='ocrx_word' id='word_1_179' title='bbox 1880 2721 2077 2788; x_wconf 87' lang='lat' dir='ltr'><strong>caput.</strong></span> 
     </span>
     <span class='ocr_line' id='line_1_26' title="bbox 613 2807 2697 2885; baseline 0.001 -21"><span class='ocrx_word' id='word_1_180' title='bbox 613 2823 666 2867; x_wconf 80' lang='lat'><strong>1⁰</strong></span> <span class='ocrx_word' id='word_1_181' title='bbox 692 2810 809 2870; x_wconf 77' lang='lat' dir='ltr'><strong>DE.</strong></span> <span class='ocrx_word' id='word_1_182' title='bbox 856 2810 1164 2868; x_wconf 78' lang='lat' dir='ltr'><strong>Postremo</strong></span> <span class='ocrx_word' id='word_1_183' title='bbox 1192 2808 1372 2868; x_wconf 90' lang='lat' dir='ltr'><strong>hodie</strong></span> <span class='ocrx_word' id='word_1_184' title='bbox 1401 2808 1462 2867; x_wconf 91' lang='lat' dir='ltr'><strong>in</strong></span> <span class='ocrx_word' id='word_1_185' title='bbox 1489 2809 1730 2885; x_wconf 77' lang='lat' dir='ltr'><strong>psaltria</strong></span> <span class='ocrx_word' id='word_1_186' title='bbox 1759 2809 1871 2868; x_wconf 86' lang='lat' dir='ltr'><strong>hac</strong></span> <span class='ocrx_word' id='word_1_187' title='bbox 1900 2808 2162 2868; x_wconf 67' lang='lat' dir='ltr'><strong>emunda</strong></span> <span class='ocrx_word' id='word_1_188' title='bbox 2188 2808 2285 2868; x_wconf 87' lang='lat' dir='ltr'><strong>hic</strong></span> <span class='ocrx_word' id='word_1_189' title='bbox 2313 2807 2547 2867; x_wconf 82' lang='lat' dir='ltr'><strong>adiutor</strong></span> <span class='ocrx_word' id='word_1_190' title='bbox 2574 2809 2697 2880; x_wconf 91' lang='lat' dir='ltr'><strong>fuit,</strong></span> 
     </span>
     <span class='ocr_line' id='line_1_27' title="bbox 857 2905 2637 2982; baseline -0.001 -16"><span class='ocrx_word' id='word_1_191' title='bbox 857 2908 978 2966; x_wconf 86' lang='lat' dir='ltr'><strong>Hic</strong></span> <span class='ocrx_word' id='word_1_192' title='bbox 1008 2906 1270 2966; x_wconf 88' lang='lat' dir='ltr'><strong>curauit:</strong></span> <span class='ocrx_word' id='word_1_193' title='bbox 1315 2905 1600 2982; x_wconf 79' lang='lat' dir='ltr'><strong>prodesse</strong></span> <span class='ocrx_word' id='word_1_194' title='bbox 1628 2915 1941 2982; x_wconf 86' lang='lat' dir='ltr'><strong>aequomst</strong></span> <span class='ocrx_word' id='word_1_195' title='bbox 1961 2927 1979 2981; x_wconf 83' lang='lat'>3</span> <span class='ocrx_word' id='word_1_196' title='bbox 2023 2907 2119 2965; x_wconf 76' lang='lat' dir='ltr'><strong>alii</strong></span> <span class='ocrx_word' id='word_1_197' title='bbox 2150 2907 2421 2965; x_wconf 75' lang='lat' dir='ltr'><strong>meliores</strong></span> <span class='ocrx_word' id='word_1_198' title='bbox 2450 2914 2637 2964; x_wconf 88' lang='lat' dir='ltr'><strong>erunt.</strong></span> 
     </span>
     <span class='ocr_line' id='line_1_28' title="bbox 858 3001 2717 3084; baseline -0.001 -20"><span class='ocrx_word' id='word_1_199' title='bbox 858 3005 1135 3081; x_wconf 79' lang='lat' dir='ltr'><strong>Denique</strong></span> <span class='ocrx_word' id='word_1_200' title='bbox 1185 3004 1490 3084; x_wconf 66' lang='lat' dir='ltr'><strong>(pointing</strong></span> <span class='ocrx_word' id='word_1_201' title='bbox 1533 3013 1588 3063; x_wconf 77' lang='lat' dir='ltr'><strong>to</strong></span> <span class='ocrx_word' id='word_1_202' title='bbox 1638 3001 2011 3079; x_wconf 78' lang='lat' dir='ltr'><strong>AEschvs)</strong></span> <span class='ocrx_word' id='word_1_203' title='bbox 2048 3004 2145 3062; x_wconf 90' lang='lat' dir='ltr'><strong>hic</strong></span> <span class='ocrx_word' id='word_1_204' title='bbox 2201 3003 2324 3063; x_wconf 91' lang='lat' dir='ltr'><strong>uolt</strong></span> <span class='ocrx_word' id='word_1_205' title='bbox 2370 3004 2514 3062; x_wconf 83' lang='lat' dir='ltr'><strong>fleri.</strong></span> <span class='ocrx_word' id='word_1_206' title='bbox 2610 3004 2717 3063; x_wconf 82' lang='lat' dir='ltr'><strong>Mr.</strong></span> 
     </span>
     <span class='ocr_line' id='line_1_29' title="bbox 1497 3100 2717 3176; baseline 0.002 -18"><span class='ocrx_word' id='word_1_207' title='bbox 1497 3102 1616 3159; x_wconf 89' lang='lat' dir='ltr'><strong>Vin</strong></span> <span class='ocrx_word' id='word_1_208' title='bbox 1658 3110 1721 3159; x_wconf 86' lang='lat' dir='ltr'><strong>tu</strong></span> <span class='ocrx_word' id='word_1_209' title='bbox 1749 3100 1867 3160; x_wconf 93' lang='lat' dir='ltr'><strong>hoc</strong></span> <span class='ocrx_word' id='word_1_210' title='bbox 1910 3101 2078 3159; x_wconf 80' lang='lat' dir='ltr'><strong>fleri?</strong></span> <span class='ocrx_word' id='word_1_211' title='bbox 2154 3103 2265 3160; x_wconf 81' lang='grc' dir='ltr'><strong>ΑΕ.</strong></span> <span class='ocrx_word' id='word_1_212' title='bbox 2309 3101 2524 3176; x_wconf 75' lang='lat' dir='ltr'><strong>Cupio·</strong></span> <span class='ocrx_word' id='word_1_213' title='bbox 2610 3101 2717 3160; x_wconf 90' lang='lat' dir='ltr'><strong>M1.</strong></span> 
     </span>
     <span class='ocr_line' id='line_1_30' title="bbox 1415 3197 1831 3273; baseline -0.002 -16"><span class='ocrx_word' id='word_1_214' title='bbox 1415 3225 1418 3230; x_wconf 96' lang='lat'>·</span> <span class='ocrx_word' id='word_1_215' title='bbox 1497 3198 1558 3257; x_wconf 79' lang='lat' dir='ltr'><strong>Si</strong></span> <span class='ocrx_word' id='word_1_216' title='bbox 1585 3197 1831 3273; x_wconf 88' lang='lat' dir='ltr'><strong>quidem</strong></span> 
     </span>
     <span class='ocr_line' id='line_1_31' title="bbox 852 3294 2714 3375; baseline 0 -21"><span class='ocrx_word' id='word_1_217' title='bbox 852 3297 948 3356; x_wconf 74' lang='lat' dir='ltr'><strong>Tu</strong></span> <span class='ocrx_word' id='word_1_218' title='bbox 975 3295 1084 3368; x_wconf 78' lang='lat' dir='ltr'><strong>uiS,</strong></span> <span class='ocrx_word' id='word_1_219' title='bbox 1123 3294 1328 3375; x_wconf 78' lang='lat' dir='ltr'><strong>(turns</strong></span> <span class='ocrx_word' id='word_1_220' title='bbox 1356 3304 1412 3354; x_wconf 87' lang='lat' dir='ltr'><strong>to</strong></span> <span class='ocrx_word' id='word_1_221' title='bbox 1445 3294 1665 3372; x_wconf 64' lang='lat' dir='ltr'><strong>vas)</strong></span> <span class='ocrx_word' id='word_1_222' title='bbox 1702 3296 1861 3372; x_wconf 88' lang='lat' dir='ltr'><strong>Syre,</strong></span> <span class='ocrx_word' id='word_1_223' title='bbox 1891 3296 2009 3354; x_wconf 93' lang='lat' dir='ltr'><strong>eho</strong></span> <span class='ocrx_word' id='word_1_224' title='bbox 2048 3294 2275 3354; x_wconf 77' lang='lat' dir='ltr'><strong>accede</strong></span> <span class='ocrx_word' id='word_1_225' title='bbox 2302 3295 2419 3354; x_wconf 87' lang='lat' dir='ltr'><strong>huc</strong></span> <span class='ocrx_word' id='word_1_226' title='bbox 2462 3294 2540 3354; x_wconf 89' lang='lat' dir='ltr'><strong>ad</strong></span> <span class='ocrx_word' id='word_1_227' title='bbox 2581 3313 2714 3354; x_wconf 89' lang='lat' dir='ltr'><strong>me:</strong></span> 
     </span>
     <span class='ocr_line' id='line_1_32' title="bbox 1498 3391 2716 3472; baseline -0.001 -20"><span class='ocrx_word' id='word_1_228' title='bbox 1498 3393 1723 3472; x_wconf 73' lang='lat' dir='ltr'><strong>(Svnvs</strong></span> <span class='ocrx_word' id='word_1_229' title='bbox 1736 3394 1914 3470; x_wconf 87' lang='lat' dir='ltr'><strong>obeys,</strong></span> <span class='ocrx_word' id='word_1_230' title='bbox 1926 3394 2059 3452; x_wconf 83' lang='lat' dir='ltr'><strong>and</strong></span> <span class='ocrx_word' id='word_1_231' title='bbox 2066 3413 2107 3452; x_wconf 85' lang='lat' dir='ltr'><em>a</em></span> <span class='ocrx_word' id='word_1_232' title='bbox 2124 3411 2420 3469; x_wconf 80' lang='lat' dir='ltr'><strong>ceremony</strong></span> <span class='ocrx_word' id='word_1_233' title='bbox 2429 3391 2716 3468; x_wconf 78' lang='lat' dir='ltr'><strong>osmann-</strong></span> 
     </span>
     <span class='ocr_line' id='line_1_33' title="bbox 1501 3490 2719 3567; baseline 0.002 -19"><span class='ocrx_word' id='word_1_234' title='bbox 1501 3491 1742 3550; x_wconf 78' lang='lat' dir='ltr'><strong>misst‘on</strong></span> <span class='ocrx_word' id='word_1_235' title='bbox 1772 3492 1824 3551; x_wconf 80' lang='lat' dir='ltr'><strong>is</strong></span> <span class='ocrx_word' id='word_1_236' title='bbox 1839 3490 2195 3567; x_wconf 73' lang='lat' dir='ltr'><strong>performed,</strong></span> <span class='ocrx_word' id='word_1_237' title='bbox 2219 3493 2436 3567; x_wconf 77' lang='lat' dir='ltr'><strong>ending</strong></span> <span class='ocrx_word' id='word_1_238' title='bbox 2456 3493 2601 3551; x_wconf 75' lang='lat' dir='ltr'><em>with</em></span> <span class='ocrx_word' id='word_1_239' title='bbox 2625 3493 2719 3550; x_wconf 70' lang='lat' dir='ltr'><strong>tlte</strong></span> 
     </span>
     <span class='ocr_line' id='line_1_34' title="bbox 1498 3588 2715 3668; baseline 0.002 -22"><span class='ocrx_word' id='word_1_240' title='bbox 1498 3588 1727 3666; x_wconf 84' lang='lat' dir='ltr'><strong>words)</strong></span> <span class='ocrx_word' id='word_1_241' title='bbox 1753 3588 1901 3648; x_wconf 75' lang='lat' dir='ltr'><strong>liber</strong></span> <span class='ocrx_word' id='word_1_242' title='bbox 1920 3598 2066 3649; x_wconf 87' lang='lat' dir='ltr'><strong>esto.</strong></span> <span class='ocrx_word' id='word_1_243' title='bbox 2111 3591 2206 3650; x_wconf 68' lang='lat' dir='ltr'><strong>SV.</strong></span> <span class='ocrx_word' id='word_1_244' title='bbox 2226 3592 2388 3650; x_wconf 74' lang='lat' dir='ltr'><strong>Bene</strong></span> <span class='ocrx_word' id='word_1_245' title='bbox 2411 3592 2571 3650; x_wconf 80' lang='lat' dir='ltr'><strong>faciS.</strong></span> <span class='ocrx_word' id='word_1_246' title='bbox 2597 3609 2715 3668; x_wconf 92' lang='lat'><strong>970</strong></span> 
     </span>
     <span class='ocr_line' id='line_1_35' title="bbox 855 3668 2714 3764; baseline 0.001 -18"><span class='ocrx_word' id='word_1_247' title='bbox 855 3668 1148 3746; x_wconf 79' lang='lat' dir='ltr'><strong>Omnibus</strong></span> <span class='ocrx_word' id='word_1_248' title='bbox 1201 3686 1447 3763; x_wconf 88' lang='lat' dir='ltr'><strong>gratiam</strong></span> <span class='ocrx_word' id='word_1_249' title='bbox 1504 3687 1715 3758; x_wconf 71' lang='lat' dir='ltr'><strong>habeo,</strong></span> <span class='ocrx_word' id='word_1_250' title='bbox 1774 3695 1835 3745; x_wconf 91' lang='lat' dir='ltr'><strong>et</strong></span> <span class='ocrx_word' id='word_1_251' title='bbox 1902 3705 2165 3746; x_wconf 91' lang='lat' dir='ltr'><strong>seorsum</strong></span> <span class='ocrx_word' id='word_1_252' title='bbox 2220 3689 2326 3748; x_wconf 83' lang='lat' dir='ltr'><strong>tibi</strong></span> <span class='ocrx_word' id='word_1_253' title='bbox 2396 3697 2714 3764; x_wconf 86' lang='lat' dir='ltr'><strong>praeterea,</strong></span> 
     </span>
     <span class='ocr_line' id='line_1_36' title="bbox 1502 3787 1749 3845; baseline -0.004 -1"><span class='ocrx_word' id='word_1_254' title='bbox 1502 3787 1749 3845; x_wconf 73' lang='lat' dir='ltr'><strong>Demea.</strong></span> 
     </span>
    </p>
   </div>
  </div>
 </body>
</html>
