3259 4134
429 275 499 326 46
983 308 990 314 .
1184 275 1342 352 ῌΕΑ
1359 275 1569 326 VTON
1615 275 1857 326 TJMOR
1870 276 2189 328 VMENOS.
2710 276 2944 344 [iv.2.24.

754 455 951 530 Quam
979 457 1102 515 non
1127 454 1438 528 laboriosa,
1467 453 1546 514 ad
1571 453 1913 533 languorem
1942 453 2130 518 dedit.

751 555 884 613 Nec
912 557 1231 628 quicquam
1259 553 1446 630 magis
1473 571 1631 612 nunc
1660 556 1862 613 metuo
1890 572 2069 630 quam
2097 571 2173 613 ne
2203 545 2405 614 denuo

753 651 938 710 Miser
964 651 1161 726 aliquo
1189 650 1466 709 extrudar
1491 651 1649 723 hinc,
1678 669 1755 710 ne
1782 650 2067 724 accedam
2095 650 2175 710 ad
2202 650 2583 712 Bacchidem.
2914 680 2939 729 5

428 746 548 806 810
759 749 983 825 (seemg
1004 747 1222 825 SYRus)
1259 750 1340 807 Vt
1369 751 1427 807 te
1456 747 1702 824 quidem
1730 746 1793 807 di
1822 746 2089 825 deaeque
2120 767 2328 809 omnes
2357 753 2716 825 quantumst,
2745 716 2912 827 Syre,

751 846 906 906 Cum
933 845 1083 906 istoc
1112 845 1358 904 inuento
1385 849 1643 922 cumque
1669 845 1913 923 incepto
1940 847 2219 924 perduint
2242 850 2257 907 i

752 943 946 1024 Huius
978 940 1142 1002 modi
1171 944 1252 1001 mi
1280 961 1372 1003 res
1399 945 1637 1020 semper
1663 945 2131 1020 comminiscere,

749 1041 866 1100 Vbi
895 1059 992 1099 me
1025 1042 1444 1100 excarnuficeS.
1526 1042 1620 1101 Sv.
1666 1027 1801 1100 ibin
1830 1042 1968 1101 hinc
1994 1060 2117 1119 quo
2143 1041 2353 1119 dignus
2380 1043 2489 1102 es?

751 1138 946 1212 Quam
975 1140 1166 1214 paene
1195 1148 1297 1197 tua
1323 1156 1419 1197 me
1447 1138 1709 1214 perdidit
1737 1140 2086 1215 proteruitas
2111 1142 2125 1199 Ξ
2886 1168 2942 1200 ιο

427 1231 548 1292 815
618 1236 722 1293 CL.
763 1234 1066 1312 (sullengy)
1106 1237 1337 1296 Vellem
1375 1236 1572 1294 hercle
1613 1236 1852 1308 factum,
1887 1235 1971 1293 ita
2006 1235 2285 1293 meritu’S.
2368 1235 2463 1294 Sv.
2502 1235 2679 1312 (with
2716 1253 2800 1293 an
2840 1238 2947 1294 air

1193 1332 1267 1406 qf
1291 1334 1537 1407 injurcd
1556 1329 1895 1407 innocence)
1936 1331 2226 1391 Meritus?
2266 1334 2387 1406 quo
2412 1331 2639 1390 modo?

751 1432 846 1490 Ne
875 1448 972 1489 me
1000 1432 1153 1488 istuc
1181 1447 1256 1488 ex
1284 1439 1344 1488 te
1372 1431 1532 1505 prius
1565 1428 1799 1488 audisse
1826 1428 2080 1505 gaudeo,

750 1528 946 1603 Quam
975 1529 1282 1603 argentum
1311 1527 1578 1599 habereS‚
1608 1525 1774 1601 quod
1802 1526 2041 1585 daturus
2068 1526 2186 1585 iam
2214 1524 2315 1584 fui.

608 1627 714 1685 CL.
745 1624 908 1699 Quid
937 1625 1109 1700 igitur
1137 1623 1334 1682 dicam
1363 1624 1468 1683 tibi
1495 1624 1584 1683 uis
1599 1625 1628 1682 Ρ
1654 1627 1691 1700 †
1722 1623 1893 1682 abisti
1922 1623 2065 1682 mihi

749 1723 1020 1780 Amicam
1047 1720 1313 1794 adduxti,
1342 1723 1521 1796 quam
1551 1739 1672 1779 non
1701 1720 1981 1780 licitumst
2008 1722 2267 1797 tangere.
2884 1747 2937 1796 ις

427 1819 548 1880 820
609 1821 703 1880 SY.
753 1822 881 1879 Iam
910 1822 1032 1877 non
1063 1837 1192 1878 sum
1221 1819 1417 1878 iratus.
1501 1817 1609 1877 sed
1640 1818 1767 1877 scin
1793 1817 1895 1878 ubi
1922 1835 2080 1876 nunc
2110 1822 2183 1877 sit
2210 1817 2319 1879 tibi

746 1918 878 1976 Tua
921 1917 1212 1976 Bacchis?
1317 1918 1422 1977 CL.
1465 1915 1643 1992 Apud
1684 1934 1812 1975 nos,
1894 1916 1991 1976 Sv.
2035 1916 2196 1975 Non.
2280 1916 2385 1976 CL.
2426 1915 2545 1976 Vbi
2572 1917 2757 1994 ergo?
2838 1917 2938 1976 SY.

1191 2012 1372 2090 Apud
1399 2013 1675 2073 Cliniam.

611 2113 718 2172 CL.
745 2110 1050 2191 (starting)
1079 2111 1248 2170 Perii.
1305 2112 1400 2171 Sv.
1432 2113 1602 2170 Bono
1619 2110 1820 2171 animo
1838 2129 1901 2170 es
1924 2132 1937 2169 :
1968 2111 2087 2169 iam
2104 2113 2411 2187 argentum
2428 2109 2507 2170 ad
2528 2127 2661 2170 eam
2682 2109 2940 2184 deferes,

749 2209 932 2284 Quod
960 2213 1016 2268 ei
1043 2209 1378 2285 pollicitu’S.
1462 2209 1566 2268 CL.
1611 2208 1829 2268 GArriS.
1912 2195 2115 2267 unde?
2194 2209 2288 2268 SY.
2330 2210 2385 2266 A
2410 2211 2516 2268 tuo
2543 2215 2733 2285 patre.

612 2307 718 2367 CL.
749 2308 932 2366 Ludis
960 2308 1204 2366 fortasse
1233 2308 1372 2365 me?
1451 2306 1548 2366 Sv.
1591 2291 1735 2382 ipsa
1762 2324 1825 2364 re
1853 2306 2216 2382 experibere.
2882 2332 2943 2364 20

428 2403 549 2463 825
611 2404 718 2464 CL.
757 2403 1125 2483 (overjoyea')
1186 2406 1282 2462 Ne
1339 2421 1452 2480 ego
1507 2404 1691 2464 homo
1746 2422 1877 2462 sum
1933 2403 2293 2463 fortunatus:
2365 2401 2584 2463 deamo
2639 2405 2717 2476 te,
2774 2403 2940 2478 Syre.

1202 2501 1582 2579 (CHREMm’s
1607 2503 1757 2560 door
1779 2500 2003 2577 opens.)

610 2600 707 2660 Sv.
762 2597 1035 2678 (hastzht)
1074 2599 1190 2658 Sed
1222 2602 1390 2675 pater
1417 2600 1732 2676 egreditur.
1814 2601 1962 2658 caue
1989 2598 2309 2675 quicquam
2338 2597 2657 2659 admiratus
2685 2599 2784 2672 sis,

755 2697 892 2770 Qua
919 2700 1097 2754 causa
1125 2697 1188 2756 id
1215 2697 1318 2755 fiat
1339 2719 1356 2770 ς
1399 2697 1808 2757 Obsecundato
1836 2701 1897 2756 in
1924 2697 2060 2756 loco
2081 2717 2099 2770 3

754 2792 936 2869 Quod
963 2794 1277 2870 imperabit
1305 2795 1485 2854 facito
1505 2815 1524 2868 3
1561 2795 1822 2871 loquitor
1848 2794 2117 2871 paucula.

1537 2976 1733 3036 SCENE
1774 2995 1831 3052 3.

737 3106 1034 3166 CHREMES
1061 3114 1254 3165 enters
1275 3105 1447 3180 from
1477 3107 1572 3167 his
1600 3108 1798 3182 house,
1826 3107 2100 3183 bringing
2124 3126 2165 3166 a
2192 3108 2310 3184 bag
2330 3105 2408 3182 qf
2432 3125 2653 3185 monor.

430 3237 691 3286 CHREMES
713 3236 854 3300 gives
874 3237 960 3286 the
985 3253 1168 3300 money
1187 3243 1240 3286 to
1261 3237 1536 3297 CLITIPHO,
1553 3237 1671 3286 who
1694 3237 1735 3286 is
1757 3237 2022 3302 paralyzed
2038 3237 2160 3286 with
2184 3237 2563 3298 astonishment,
2582 3237 2675 3288 but
2696 3253 2947 3302 manages

518 3325 572 3368 to
595 3324 681 3382 get
703 3319 922 3382 through
950 3320 1038 3368 the
1061 3319 1318 3368 interview
1339 3320 1459 3369 with
1485 3320 1700 3371 SYRUs’s
1723 3320 2029 3386 prompting.
2084 3320 2230 3370 After
2252 3320 2372 3384 they
2393 3335 2478 3370 are
2501 3335 2653 3385 gone,
2674 3321 2946 3372 CHREMES

517 3400 836 3468 soliloquizes
856 3417 926 3451 on
947 3401 1034 3451 the
1059 3417 1274 3466 expense
1297 3402 1462 3452 which
1485 3417 1516 3452 a
1540 3403 1787 3466 daughter
1808 3403 1851 3452 is
1873 3409 1925 3454 to
1948 3403 2040 3453 her
2062 3402 2241 3454 father.

879 3519 1246 3577 CHREMES
1566 3520 1938 3580 CLITIPHO
2258 3521 2491 3580 SvRvs

984 3609 1080 3645 sEN
1085 3607 1154 3646 Ex
1578 3610 1919 3648 ADVLESCENS
2276 3612 2472 3650 suvos
