3259 4134
299 297 528 364 iii420.]
1371 259 1734 344 PHORMJO.
2741 299 2804 351 31

298 479 394 536 111
418 504 438 535 1
478 479 593 536 AN.
623 473 714 552 (to
739 475 991 550 himself,
1023 484 1129 534 not
1150 476 1454 551 observing
1482 473 1684 552 Gm-A)
1722 461 1901 535 Enim
1942 495 2108 550 uern,
2136 477 2421 553 Antipho,
2450 480 2642 538 multi·
2686 480 2804 540 465

287 1871 346 1904 80

1095 571 1288 632 modis
1316 590 1454 631 cum
1484 575 1635 632 istoc
1663 573 1863 632 animo
1890 591 1955 632 es
1982 573 2441 650 uituperandus:

613 655 784 730 itane
811 680 872 728 te
900 669 1039 728 hinc
1065 669 1254 728 abisse
1286 679 1348 728 et
1371 669 1555 728 uitam
1585 672 1748 728 tuam
1778 671 2085 730 tutandam
2114 671 2239 730 aliis
2270 671 2509 732 dedisse
2538 677 2551 732 i

615 758 784 828 Alios
811 777 974 826 tuam
1002 785 1128 826 rem
1161 766 1466 827 credidisti
1505 767 1695 842 magis
1735 786 1915 843 quam
1958 777 2079 828 tete
2120 769 2383 828 animum
2426 770 2637 830 aduor-

1099 867 1304 924 suros?

617 965 776 1024 Nam
804 967 870 1022 ut
897 973 962 1022 ut
1003 971 1168 1022 erant
1211 963 1340 1037 alia,
1369 963 1451 1022 ssli
1491 973 1657 1024 certe
1694 965 1848 1040 quae
1889 981 2048 1023 nunc
2091 964 2199 1024 tibi
2240 964 2459 1025 domist
2500 985 2641 1026 con-

1098 1060 1334 1133 sulereS‚

619 1160 712 1218 Ne
741 1157 886 1234 quid
915 1168 1158 1234 propter
1188 1161 1348 1216 tuam
1376 1157 1558 1218 fidem
1587 1158 1844 1235 decepta
1872 1163 2176 1236 poterett'sr
2205 1160 2343 1218 mali
2364 1182 2383 1234 3

617 1257 775 1332 Quoi
800 1275 962 1315 nunc
991 1256 1238 1316 miserae
1269 1258 1406 1332 spes
1435 1274 1698 1331 opesque
1728 1260 1863 1316 sunt
1891 1257 1953 1315 in
1980 1267 2037 1316 te
2067 1276 2188 1316 uno
2216 1260 2424 1317 omnes
2454 1259 2619 1318 sitae.
2682 1259 2799 1317 470

471 1355 588 1416 GE.
625 1354 886 1434 (coming
904 1353 1206 1429 sarward
1216 1353 1242 1431 )
1281 1355 1361 1412 Et
1401 1353 1663 1430 quidem,
1693 1373 1811 1428 ere,
1852 1373 1963 1414 nos
2003 1355 2120 1412 iam
2164 1355 2394 1415 dudum
2438 1356 2535 1414 hic
2580 1366 2638 1415 te

1092 1452 1399 1512 absentem
1426 1455 1779 1525 incusamu5‚
1807 1452 1909 1527 qui
1936 1453 2165 1512 abieris,

470 1552 585 1611 ΑΝ.
611 1550 701 1610 Te
735 1550 931 1628 ipsam
972 1549 1350 1626 quaerebam.
1434 1550 1548 1609 GE.
1591 1549 1711 1609 Sed
1754 1567 1826 1608 ea
1865 1567 2043 1608 causa
2081 1550 2265 1610 nihilo
2308 1552 2493 1628 magis
2534 1552 2638 1611 de-

1097 1647 1358 1707 fecimus,
1373 1691 1474 1755 ὦ

471 1748 584 1806 ΑΝ.
613 1747 884 1822 Loquere
913 1746 1183 1819 obsecre,
1206 1763 1327 1820 quo
1355 1763 1493 1803 nam
1521 1748 1583 1803 in
1609 1745 1747 1804 loco
1777 1756 1909 1805 sunt
1938 1748 2029 1805 res
2058 1755 2119 1805 et
2139 1747 2407 1805 fortunae
2430 1766 2598 1806 meae
2614 1750 2641 1806 Ρ

617 1844 780 1903 Num
806 1842 952 1919 quid
979 1843 1132 1920 patri
1161 1843 1434 1902 subolet?
1513 1844 1628 1902 GE.
1674 1843 1775 1901 Nil
1803 1842 2001 1902 etiam.
2083 1845 2197 1901 ΑΝ.
2242 1843 2475 1918 Ecquid
2511 1845 2636 1922 spei

1074 1941 1373 2017 'porrosti‘
1433 1942 1547 2000 GE.
1572 1938 1815 1999 Nescio.
1875 1942 1990 1998 AN.
2022 1940 2470 2019 (despain'ngly)
2501 1941 2594 2000 Ah
2622 1946 2635 2001 ἔ

472 2038 586 2099 GE.
619 2037 748 2097 Nisi
777 2035 1065 2097 Phaedria
1092 2036 1252 2097 haud
1280 2037 1533 2098 cessauit
1559 2055 1669 2113 pro
1698 2047 1755 2096 te
1787 2037 1947 2096 eniti.
2031 2039 2144 2096 ΑΝ.
2190 2037 2290 2095 Nil
2320 2038 2457 2096 fecit
2478 2040 2636 2098 noui.
2679 2038 2798 2097 475

470 2136 585 2196 GE.
613 2136 768 2194 Tum
799 2134 1077 2195 Phormio
1103 2134 1310 2195 itidem
1338 2134 1399 2194 in
1427 2135 1541 2194 hac
1567 2153 1631 2194 re
1673 2144 1738 2193 ut
1772 2133 1899 2214 [in]
1934 2135 2059 2192 aliis
2102 2137 2405 2194 strenuom
2446 2134 2634 2194 homi-

1094 2250 1235 2291 nem
1263 2233 1552 2309 praebuit.

469 2332 584 2390 An.
615 2330 779 2406 Quid
800 2330 848 2390 is
869 2330 1010 2390 fecit
1024 2332 1052 2390 Ρ
1099 2332 1215 2392 GE.
1246 2330 1590 2392 Confutauit
1610 2330 1808 2390 uerbis
1830 2329 2155 2389 admodum
2178 2330 2391 2389 iratum
2412 2349 2636 2390 senem.

470 2430 584 2488 ΑΝ.
622 2427 946 2506 (joyeusly)
986 2429 1098 2502 Eu,
1130 2428 1449 2488 Phormio!
1532 2429 1648 2488 GE.
1693 2429 1824 2504 Ego
1850 2427 2015 2503 quod
2044 2428 2211 2504 potui
2240 2445 2436 2504 porro,
2520 2430 2636 2487 ΑΝ.

1096 2528 1186 2585 Mi
1215 2527 1388 2600 Geta,
1418 2526 1609 2585 omnis
1639 2530 1747 2585 uos
1774 2543 1929 2586 amo,

472 2624 587 2684 Gr„
617 2625 712 2683 Sic
739 2623 962 2682 habent
989 2623 1280 2700 principia
1307 2641 1438 2682 sese
1465 2633 1531 2682 ut
1559 2622 1716 2682 dixi:
1748 2622 1943 2682 adhuc
1973 2623 2281 2698 tranquilla
2308 2642 2400 2683 res
2429 2634 2535 2698 est,

615 2723 1043 2798 Mansurusque
1091 2723 1365 2798 patruom
1413 2731 1585 2798 pater
1631 2731 1739 2794 est,
1785 2720 1927 2780 dum
1976 2719 2094 2779 huc
2142 2719 2439 2780 adueniat.
2521 2725 2635 2781 AN.
2678 2721 2796 2780 480

1094 2817 1255 2892 Quid
1285 2836 1421 2877 eum
1437 2821 1464 2877 Ρ
1546 2819 1660 2877 GE.
1701 2820 1783 2877 Vt
1810 2818 1967 2878 aibat

613 2917 709 2974 De
738 2919 862 2975 eius
890 2915 1138 2975 consilio
1166 2918 1293 2975 sese
1324 2916 1477 2975 uelle
1507 2917 1702 2975 facere
1731 2913 1895 2992 quod
1924 2916 2000 2974 ad
2030 2916 2182 2974 hanc
2211 2935 2338 2975 rem
2366 2917 2591 2975 attinet.

463 3015 583 3073 ἈΝ.
611 3013 916 3088 Quantum
961 3015 1202 3073 metuist
1245 3013 1407 3087 mihi,
1451 3012 1657 3072 uidere
1703 3013 1820 3072 huc
1864 3014 2088 3073 saluom
2137 3032 2295 3072 nunc
2343 3017 2636 3091 patruem,

1038 3107 1042 3116 ’
1095 3112 1290 3171 Geta!

613 3209 770 3267 Nam
797 3211 907 3286 per
933 3209 1058 3270 eius
1085 3213 1284 3283 unam,
1311 3219 1377 3268 ut
1408 3209 1608 3284 audie,
1637 3219 1738 3269 aut
1769 3210 1968 3269 uiuam
2010 3213 2112 3270 a1‘1t
2155 3208 2372 3270 moriar
2398 3213 2634 3270 senten-

1091 3307 1253 3367 tiam.

294 3425 352 3461 ιο
465 3404 580 3464 GE.
618 3403 844 3482 (seet‘ng
859 3406 1171 3464 Prummu
1191 3407 1423 3481 coming
1437 3404 1570 3483 out)
1603 3405 1894 3492 Pbaedria
1914 3405 2023 3466 tibi
2042 3404 2225 3466 adest.
2305 3408 2418 3465 ΑΝ.
2450 3406 2635 3483 (look-

1089 3503 1194 3577 z‘ng
1214 3503 1494 3581 around)
1529 3504 1649 3562 Vbi
1676 3505 1856 3562 nam?
1936 3505 2051 3563 GE.
2090 3503 2399 3580 (pointing
2426 3511 2483 3561 to
2512 3505 2635 3562 Do-

1090 3600 1242 3660 Rlo’s
1268 3599 1475 3678 house)
1508 3601 1737 3660 Eccum
1765 3601 1843 3660 ab
1870 3602 1976 3659 sua
2002 3601 2293 3676 palaestra
2321 3603 2440 3659 exit
2466 3601 2635 3659 foras,
