3259 4134
427 313 600 396 v.6.4.]
1501 325 1863 377 PHORMJO.
1940 350 1947 356 -
2872 323 2933 377 53

750 511 844 571 Ab
872 509 1108 571 senibus
1135 507 1212 570 ad
1233 507 1562 587 potiundam
1586 519 1651 568 ut
1674 508 1926 568 habeam
1947 529 1964 583 3
1996 526 2133 566 nam
2154 508 2394 584 Aliquod
2414 506 2524 567 hos
2545 510 2771 567 sumam

1231 607 1378 667 dies,

431 733 452 782 3
606 710 720 767 AN.
758 704 983 785 (as-ide)
1021 704 1140 766 Sed
1167 693 1519 764 Phormiost.
1599 702 1851 783 (aloud)
1882 703 2026 780 quid
2055 695 2182 764 ais?
2249 705 2358 762 ΡΗ.
2388 703 2594 778 Quid?
2657 705 2771 764 ΑΝ.

1234 802 1396 877 Quid
1423 821 1562 861 nam
1590 805 1749 861 nunc
1777 802 2059 861 facturust
2087 800 2418 860 Phaedria?

751 902 889 976 Quo
916 904 1093 975 pacto
1122 900 1452 959 satietatem
1481 900 1697 958 amoris
1727 903 1806 958 ait
1835 919 1897 958 se
1925 900 2078 958 uelle
2107 900 2457 958 absumere?

612 1000 717 1057 ΡΗ.
749 999 1023 1056 Vicissim
1051 999 1230 1073 partis
1260 1000 1388 1056 tuas
1417 1007 1652 1056 acturus
1680 997 1788 1057 est.
1869 1000 1983 1057 AN.
2029 997 2237 1074 Quas?
2315 998 2424 1056 ΡΗ.
2466 996 2548 1055 Vt
2569 995 2777 1073 fugitet
2814 994 2936 1054 835

1233 1104 1482 1171 patrem.

747 1194 838 1252 Te
868 1194 1000 1251 suits
1027 1192 1255 1268 rogauit
1282 1195 1510 1252 rursum
1536 1200 1603 1252 ut
1629 1210 1851 1269 agereS,
1882 1194 2120 1251 causam
2148 1201 2214 1250 ut
2241 1209 2351 1268 pro
2379 1211 2443 1252 se
2474 1190 2741 1266 diceres;

754 1291 911 1349 Nam
940 1293 1246 1365 potaturus
1274 1291 1364 1349 est
1392 1290 1553 1367 apud
1581 1309 1698 1350 me.
1783 1308 1896 1367 ego
1925 1309 2021 1348 me
2050 1293 2132 1348 ire
2162 1290 2398 1348 senibus
2426 1290 2665 1349 sunium

435 1416 490 1446 10
754 1387 970 1446 Dicam
999 1387 1076 1446 ad
1105 1397 1446 1461 mercatum,
1476 1388 1809 1447 ancillulam
1840 1397 2105 1464 emptum
2140 1386 2367 1446 dudum
2409 1403 2588 1462 quam
2630 1386 2777 1445 dixit

1237 1487 1391 1545 Geta
1414 1507 1427 1545 t

754 1583 850 1642 Ne
887 1599 1072 1658 quoni
1114 1582 1210 1640 hic
1251 1601 1373 1641 non
1412 1581 1672 1655 uideant,
1704 1584 1799 1641 me
1842 1583 2138 1642 conficere
2182 1582 2427 1641 credant
2470 1584 2777 1658 argentum

1237 1699 1425 1738 suom.
1517 1681 1678 1758 (ne
1704 1681 1854 1739 door
1876 1679 1951 1754 os
1977 1682 2315 1739 Dmmmo’s
2341 1681 2519 1737 house
2546 1678 2769 1755 opens.)

701 1801 722 1820 ·
754 1777 873 1838 Sed
918 1779 1135 1837 Ostium
1179 1778 1526 1854 concrepuit
1569 1778 1675 1836 abs
1720 1786 1798 1836 te.
1880 1779 1993 1836 AN.
2046 1779 2400 1855 (retreating
2438 1779 2561 1836 into
2606 1777 2777 1835 back·
2820 1775 2937 1834 840

1227 1877 1472 1951 ground
1486 1873 1605 1948 sor
1609 1873 1766 1948 sear
1789 1873 1862 1948 os
1888 1874 1980 1933 his
1996 1871 2238 1951 father)
2275 1873 2428 1934 Vide
2457 1874 2588 1951 quis
2613 1892 2778 1950 egre-

1237 1972 1412 2032 ditur.
1497 1974 1608 2031 ΡΗ.
1652 1973 1880 2032 Getast.

1542 2161 1739 2220 Sem
1780 2163 1838 2220 6.

435 2310 588 2359 GETA
609 2307 980 2374 congratulates
1002 2310 1253 2358 ANTIPHO
1276 2324 1344 2357 on
1367 2308 1446 2358 his
1467 2310 1604 2372 good
1627 2308 1843 2368 fortune,
1865 2307 2139 2370 infor-ming
2159 2308 2266 2357 him
2290 2308 2349 2357 of
2376 2325 2443 2358 an
2470 2309 2726 2359 interview
2747 2309 2813 2358 he
2848 2309 2941 2358 has

518 2392 794 2441 overheard
817 2392 1047 2440 between
1070 2391 1331 2440 CHREMES
1355 2392 1455 2440 and
1481 2392 1759 2450 PHANIUM,
1778 2391 1906 2439 from
1923 2390 2088 2438 which
2113 2390 2199 2439 the
2217 2391 2403 2440 latter’s
2419 2397 2692 2455 parentage
2712 2407 2939 2455 appears.

521 2475 606 2523 He
629 2475 755 2523 adds
777 2474 886 2522 that
910 2473 996 2522 the
1021 2480 1121 2522 two
1145 2474 1229 2523 old
1251 2489 1368 2523 men
1391 2473 1520 2522 have
1543 2474 1759 2523 decided
1782 2479 1835 2522 to
1858 2473 2045 2536 forgive
2068 2474 2360 2521 ANTIPHo‘s
2384 2473 2507 2522 fault
2540 2475 2642 2522 and
2677 2474 2939 2536 recognize

518 2557 596 2606 his
615 2555 876 2620 marriage.
2790 2559 2823 2588 ⁰

1066 2653 1300 2734 [Enter
1323 2657 1494 2716 GETA
1516 2656 1688 2731 from
1720 2655 2058 2716 DEMIPHO‘S
2086 2654 2315 2735 house]

999 2816 1204 2876 GETA
1444 2818 1791 2875 ANTIPHO
2039 2818 2388 2875 Puonmo

1008 2923 1201 2960 SERVOS
1448 2923 1789 2962 ADVLESCENS
2072 2923 2351 2962 PARAsrrvs

439 3036 491 3092 V
517 3050 546 3094 6
613 3036 726 3095 GE.
765 3035 1168 3114 (soliloqut‘zes,
1212 3044 1320 3096 not
1359 3037 1667 3112 observing
1711 3039 1804 3096 the
1844 3035 2067 3112 others)
2120 3020 2175 3096 O
2227 3037 2502 3109 Fortuna,
2545 3055 2583 3096 o
2633 3038 2781 3096 Fors

1242 3135 1517 3207 Fortuna,
1547 3136 1781 3209 quantis
1811 3134 2348 3206 commoditatibus,

758 3232 954 3307 Quem
985 3232 1179 3292 subito
1207 3250 1344 3291 meo
1383 3251 1484 3291 ero
1526 3223 1859 3309 Antiphoni
1900 3252 2015 3308 ope
2058 3237 2259 3292 uostra
2298 3232 2456 3289 hunc
2498 3236 2780 3292 onerastis

1241 3332 1400 3390 diem
1428 3335 1439 3391 Ξ

613 3430 722 3487 ΑΝ.
765 3428 963 3507 (aside
991 3435 1046 3486 to
1076 3428 1389 3504 Pnonmo)
1423 3428 1585 3503 Quid
1606 3448 1745 3487 nam
1768 3429 1864 3487 hic
1886 3429 1997 3490 sibi
2019 3429 2183 3489 uolt?
2264 3430 2377 3487 GE.
2412 3427 2786 3506 (continuing

1237 3524 1542 3604 soliloquy)
1562 3531 1791 3602 nosque
1810 3529 2031 3586 amicos
2051 3531 2173 3586 eius
2197 3529 2555 3586 exonerastis
2578 3537 2737 3584 metu
2765 3529 2777 3582 !

757 3621 876 3682 Sed
906 3641 1018 3699 ego
1045 3641 1203 3681 nunc
1233 3623 1375 3681 mihi
1401 3625 1591 3696 .ceSSO‚
1621 3625 1724 3699 qui
1752 3643 1873 3683 non
1901 3629 2167 3683 umerum
2198 3624 2354 3682 hunc
2389 3641 2571 3683 onero
2604 3622 2781 3698 pullio
