3259 4134
416 299 482 348 20
1164 298 1322 348 HEA
1340 298 1391 347 V
1390 298 1441 346 T
1443 297 1550 346 ΟΝ
1595 298 1647 346 T
1640 297 1745 346 JM
1744 297 1838 346 OR
1851 297 2169 348 VMENOS.
2712 296 2922 366 [ii.2.7o.

414 477 534 538 280
741 481 882 554 Quo
909 477 1107 538 studio
1134 477 1319 538 uitam
1351 479 1516 538 suam
1545 486 1606 538 te
1633 477 1879 537 absente
1910 477 2192 554 exegerit,

735 576 853 638 Vbi
879 576 957 636 de
988 576 1344 652 inprouisost
1371 579 1769 635 interuentum
1798 575 2045 636 mulieri.
2346 643 2357 654 ‚
2864 605 2923 652 4ο

739 676 896 734 Nam
925 691 996 732 ea
1023 675 1118 733 res
1145 672 1314 732 dedit
1342 682 1470 732 tum
1498 673 1895 732 existumandi
1922 673 2158 749 copiam

735 772 1111 832 Cottidianae
1141 774 1296 830 uitae
1327 770 1842 844 consuetudinem,

735 871 906 944 Quae
935 873 1263 945 quoiusque
1291 869 1594 945 ingenium
1623 878 1689 929 ut
1718 871 1791 929 sit
1820 867 2083 928 declarat
2110 871 2405 934 maxume.

413 965 532 1026 285
732 969 1064 1026 Texentem
1095 967 1274 1026 telam
1301 966 1564 1028 studiose
1596 966 1789 1044 ipsam
1818 965 2190 1043 offendimus,

737 1064 1124 1124 Mediocriter
1153 1067 1425 1124 uestitam
1453 1074 1618 1124 ueste
1649 1064 1879 1141 logubri
2867 1093 2924 1140 45

743 1163 918 1240 (Eius
947 1162 1118 1222 anuis
1147 1181 1325 1222 causa
1352 1165 1564 1239 opinor
1591 1181 1745 1238 quae
1776 1172 1903 1222 erat
1930 1160 2219 1239 mortua),

735 1260 871 1319 Sine
899 1262 1041 1319 aaro
1061 1280 1079 1334 3
1123 1270 1254 1319 tum
1282 1270 1552 1319 ornatam
1581 1264 1664 1319 ita
1689 1260 1775 1319 uti
1803 1279 1955 1336 quae
1984 1262 2267 1320 ornantur
2294 1260 2423 1334 sibi,

735 1356 915 1416 Nulla
943 1358 1098 1416 mala
1123 1375 1186 1416 re
1215 1376 1279 1417 os
1309 1358 1630 1434 expolitam
1662 1357 1968 1432 muliebri3

413 1453 533 1514 290
735 1456 994 1530 Capillus
1021 1473 1226 1532 pexus,
1256 1455 1480 1532 prolixe
1506 1455 1733 1514 circum
1763 1465 1944 1532 caput

737 1553 1036 1626 ReiectuS‚
1067 1553 1448 1631 neclegenter
1461 1573 1480 1626 3
1510 1570 1646 1628 pax.
1714 1554 1885 1614 CLIN.
1928 1553 2067 1630 Syre
2096 1553 2195 1626 mi,
2226 1553 2499 1630 obsecro,
2649 1631 2657 1639 ·
2869 1581 2927 1630 5ο

737 1652 832 1710 Ne
862 1669 959 1709 me
987 1654 1049 1709 in
1076 1650 1359 1709 laetitiam
1387 1651 1594 1709 frustra
1621 1651 1899 1710 conicias.
1982 1652 2078 1711 SY.
2119 1653 2283 1710 Anus

735 1749 1058 1810 Subtemen
1084 1750 1283 1809 nebat.
1367 1750 1678 1825 praeterea
1703 1767 1823 1808 una
1848 1749 2123 1808 ancillula

737 1847 880 1904 Erat
900 1866 919 1920 ;
962 1848 1034 1904 ea
1060 1845 1299 1906 texebat
1323 1848 1459 1920 una,
1489 1847 1702 1922 pannis
1730 1846 1939 1919 obsita,

413 1941 533 2002 295
737 1943 1040 2017 Neclecta,
1071 1944 1358 2004 inmunda
1383 1943 1620 2003 inluuie.
1705 1944 1872 2003 Cur.
1918 1943 1979 2004 Si
2006 1943 2157 2002 haec
2184 1952 2338 2016 sunt,
2366 1943 2578 2018 Clinia,

734 2042 908 2114 Vera,
939 2044 1018 2100 ita
1044 2041 1130 2101 uti
1158 2041 1357 2115 credo,
1387 2045 1518 2117 quis
1547 2050 1606 2100 te
1637 2050 1728 2100 est
1755 2041 2141 2100 fortunatior?
2869 2069 2924 2118 55

735 2138 873 2198 Scin
922 2139 1075 2197 hanc
1103 2157 1282 2214 quam
1310 2137 1458 2198 dicit
1484 2136 1851 2199 sordidatam
1880 2148 1941 2198 et
1968 2138 2281 2198 hbrridam
2300 2140 2329 2200 Ρ

737 2238 1023 2312 Magnum
1052 2236 1170 2295 hoc
1200 2254 1438 2312 quoque
1467 2236 1771 2313 signumst,
1802 2235 2107 2296 dominam
2138 2253 2267 2297 esse
2296 2245 2463 2296 extra
2486 2236 2747 2310 noxiam,

735 2335 934 2408 Quom
965 2334 1091 2392 einis
1118 2344 1241 2394 tam
1270 2333 1657 2410 necleguntur
1684 2333 2047 2395 intemi'intii.

413 2430 533 2490 300
735 2432 892 2490 Nam
920 2430 1289 2507 disciplinast
1315 2434 1399 2490 eis
1429 2431 1869 2491 demunerarier

733 2529 988 2588 Ancillas
1017 2529 1292 2604 primum,
1323 2528 1400 2588 ad
1430 2528 1704 2589 dominas
1732 2528 1836 2604 qui
1862 2529 2167 2588 adfectant
2192 2528 2370 2590 uiam.
2722 2563 2725 2566 ⁴
2862 2545 2927 2589 60

543 2627 712 2686 ΟΜΝ.
745 2626 835 2703 (to
862 2625 1080 2704 SYRUs)
1119 2628 1324 2703 Perge,
1356 2628 1605 2687 obsecro
1636 2637 1714 2700 te,
1745 2637 1807 2686 et
1836 2629 1985 2686 caue
2010 2645 2089 2686 ne
2116 2627 2321 2687 falsam
2349 2626 2598 2704 gratiam

733 2724 980 2783 Studeas
1009 2724 1174 2782 inire.
1257 2724 1402 2799 quid
1431 2727 1530 2798 ai't,
1561 2724 1664 2784 ubi
1692 2742 1789 2784 me
1816 2725 2131 2785 nominas?

540 2822 634 2880 Sv.
732 2822 849 2881 Vbi
879 2820 1130 2880 dicimus
1158 2821 1380 2882 redisse
1409 2832 1470 2881 te
1499 2831 1560 2882 et
1587 2825 1797 2899 rogare
1824 2822 1911 2882 uti

412 2916 533 2976 305
732 2919 975 2977 Veniret
1003 2919 1084 2978 ad
1111 2929 1190 2991 te,
1221 2918 1431 2980 mulier
1459 2920 1639 2979 telam
1668 2917 1886 2980 desinit

367 3025 387 3074 i
734 3017 1032 3076 Continuo
1059 3026 1120 3076 et
1149 3017 1420 3077 lacrumis
1449 3018 1657 3094 opplet
1684 3036 1753 3076 os
1780 3019 1973 3077 totum
2000 3015 2131 3089 sibi,
2864 3031 2921 3090 65

729 3114 811 3171 Vt
838 3113 1008 3172 facile
1039 3114 1218 3173 scires
1248 3113 1546 3176 desiderio
1575 3114 1640 3175 id
1670 3115 1816 3175 fieri.

539 3210 710 3269 CLm.
735 3213 878 3270 Prae
906 3212 1144 3288 gaudio,
1174 3213 1257 3271 ita
1285 3231 1380 3272 me
1411 3212 1474 3272 di
1501 3222 1721 3286 ament,
1748 3212 1853 3272 ubi
1879 3211 1990 3271 sim
2018 3211 2256 3272 nescio:

734 3309 828 3366 Ita
854 3310 1040 3368 timui.
1127 3310 1293 3370 Cer.
1335 3313 1415 3370 At
1441 3329 1554 3387 ego
1583 3311 1667 3369 nil
1695 3312 1823 3370 esse
1852 3308 2097 3382 scibam,
2126 3308 2338 3370 Clinia.

411 3401 531 3462 310
742 3406 830 3483 (to
859 3404 1076 3484 SYRus)
1111 3409 1240 3484 Age
1269 3405 1415 3469 dum
1447 3407 1723 3481 uicissim,
1753 3409 1911 3486 sym,
1942 3405 2042 3465 dic
2069 3423 2223 3483 quae
2252 3406 2403 3467 illast
2429 3405 2652 3466 altera?

539 3502 635 3561 SY.
732 3501 1102 3564 Adddcimus
1157 3514 1320 3564 tuam
1376 3505 1759 3566 Bacchidem.
1871 3505 2037 3564 Cur.
2102 3501 2417 3584 (starting)
2480 3505 2663 3577 Hem,
2734 3502 2882 3580 quid
2897 3505 2926 3564 ?

1171 3602 1534 3662 Bacchidem
1549 3603 1578 3662 ?
2866 3625 2928 3674 70
