3259 4134
387 285 454 339 24
1140 282 1296 336 HEA
1314 281 1524 337 VTON
1571 281 1814 335 TIMOR
1828 281 2049 334 VMEN
2047 281 2144 334 OS.
2676 277 2886 349 [Εὔας.

390 472 452 528 II
471 497 498 540 4
569 471 674 528 ΒΑ.
705 455 943 545 Edepol
969 478 1048 541 te,
1079 485 1214 527 mea
1240 465 1561 543 Antiphila,
1590 464 1771 525 laudo
1798 475 1860 525 et
1887 466 2241 525 fcrtunatam
2267 463 2489 535 iudico,
2544 461 2549 466 ’

710 551 786 626 id
813 585 996 642 quom
1026 565 1317 637 studuisti,
1349 565 1443 625 isti
1471 565 1695 623 formae
1723 573 1787 622 ut
1814 566 2011 623 mores
2040 561 2377 621 consimiles
2402 561 2633 634 forent3

707 665 1111 738 Minumeque,
1142 663 1225 720 ita
1252 679 1348 720 me
1377 662 1441 721 di
1467 671 1685 734 ament,
1717 661 1895 719 miror
1920 663 1968 718 si
1997 668 2055 718 te
2086 658 2197 718 sibi
2228 657 2481 733 quisque
2509 657 2751 734 expetit.

706 762 764 819 N
767 763 864 820 arn
894 761 1056 833 mihi,
1087 760 1263 835 quale
1293 760 1592 836 ingenium
1622 759 1889 831 habereS,
1922 757 2030 816 fuit
2051 756 2271 816 indicio
2305 755 2494 815 oratio
2516 777 2540 814 ε.
2808 821 2849 840 φ

385 857 504 917 385
706 843 788 918 Et
813 876 997 934 quom
1027 868 1266 934 egomet
1291 876 1450 916 nunc
1481 859 1717 916 mecum
1746 857 1808 927 in
1838 856 2037 915 animo
2064 858 2246 915 uitam
2278 865 2441 915 tuam
2468 855 2781 915 considero
2872 882 2892 930 ς

709 940 1109 1031 Omniumque
1137 955 1293 1015 adeo
1319 965 1669 1027 nostrarum,
1699 954 1905 1030 uolgus
1932 971 2083 1029 quae
2113 954 2191 1012 ab
2218 971 2281 1012 se
2310 955 2640 1030 segregant,

708 1037 788 1112 Et
815 1071 922 1112 uos
951 1071 1078 1112 esse
1107 1053 1270 1112 istius
1301 1053 1465 1112 modi
1493 1062 1555 1112 et
1581 1071 1691 1111 nos
1716 1045 1849 1111 non
1868 1069 1998 1110 esse
2026 1050 2184 1109 haud
2196 1051 2551 1110 mirabiles&

707 1152 866 1210 Nam
907 1150 1150 1226 expedit
1199 1151 1386 1210 bonas
1434 1153 1564 1210 esse
1613 1150 1784 1209 uobis
1804 1169 1823 1223 3
1886 1151 2015 1222 ηόε,
2066 1148 2417 1224 quibuscum
2471 1157 2563 1208 est
2610 1167 2720 1222 reS,
2769 1152 2893 1208 nou

1146 1248 1342 1310 sinunt
1366 1269 1379 1307 τ
2424 1241 2429 1246 ’

707 1347 948 1422 Quippe
978 1346 1166 1405 forma
1194 1345 1408 1422 inpulsi
1437 1356 1638 1404 nostra
1664 1349 1773 1404 nos
1802 1347 2093 1403 amatores
2122 1342 2362 1417 colunt3

384 1442 504 1502 390
709 1445 882 1503 Haec
911 1444 1014 1502 ubi
1042 1444 1402 1517 inminutast,
1433 1443 1515 1501 illi
1544 1446 1714 1501 suom
1744 1442 2005 1500 animum
2034 1438 2150 1500 alio
2178 1441 2526 1502 conferunt:

711 1541 842 1600 Nisi
869 1541 917 1600 si
946 1551 1326 1616 prospectum
1355 1544 1580 1600 interea
1607 1540 1831 1614 aliquid
1860 1542 1967 1611 est,
1998 1537 2271 1598 desertae
2298 1539 2569 1598 uiuimus,

703 1638 890 1699 vobis
920 1657 1058 1696 cum
1086 1657 1206 1697 uno
1235 1639 1421 1697 semel
1447 1639 1551 1697 ubi
1577 1647 1836 1696 aetatem
1864 1639 2040 1712 agere
2068 1634 2434 1695 decretumst
2460 1637 2609 1710 uiro,

709 1736 936 1810 Quoius
983 1754 1114 1794 mos
1157 1738 1488 1795 maxumest
1525 1735 1847 1795 consimilis
1891 1737 2175 1807 uestrum,
2218 1733 2280 1791 hi
2324 1751 2387 1792 se
2433 1732 2510 1792 ad
2550 1751 2661 1792 uos
2702 1733 2891 1810 adpli-

1149 1843 1307 1892 cant.

708 1932 851 1989 Hbc
879 1931 1174 1991 beneficio
1201 1933 1431 2005 utrique
1461 1931 1541 1990 ab
1568 1930 1831 2004 utrisque
1859 1931 2002 1988 uero
2030 1926 2432 2002 deuincimini,

384 2026 504 2086 395
705 2012 786 2086 Vt
812 2046 1135 2103 numquam
1163 2028 1280 2086 ulla
1307 2028 1494 2087 amori
1524 2037 1725 2086 uostro
1755 2026 2017 2085 incidere
2048 2026 2233 2101 possit
2261 2027 2581 2086 calamitas.
2606 2063 2611 2068 -
2836 2053 2887 2099 15

560 2127 674 2184 ΑΝ.
707 2125 928 2184 Nescio
959 2126 1097 2183 alias
1123 2148 1134 2184 z
1181 2128 1276 2183 me
1307 2124 1550 2200 quidem
1579 2143 1817 2200 semper
1844 2127 1969 2182 scio
1998 2123 2206 2182 fecisse
2238 2123 2465 2197 seduIO,

704 2207 785 2280 Vt
841 2241 916 2280 ex
969 2223 1119 2281 illius
1175 2222 1502 2281 commodo
1557 2241 1756 2281 meum
1811 2224 2221 2296 compararem
2276 2221 2682 2280 edmmodum.
2779 2222 2887 2280 CL.

1153 2321 1376 2395 (aside)
1414 2321 1526 2393 Ah,

708 2418 884 2492 Ergo,
915 2436 1052 2475 mea
1078 2417 1398 2493 Antiphila,
1430 2421 1492 2476 tu
1520 2435 1680 2475 nunc
1710 2417 1834 2475 sola
1862 2414 2143 2474 reducem
2173 2434 2270 2474 me
2296 2417 2358 2474 in
2385 2417 2634 2492 patriam
2664 2416 2808 2475 facis
2829 2439 2847 2490 3

707 2515 865 2573 Nam
910 2513 1055 2572 dum
1101 2515 1204 2573 abs
1249 2524 1309 2573 te
1353 2515 1580 2588 absum,
1631 2503 1841 2572 omnes
1885 2512 2029 2570 mihi
2076 2513 2309 2572 labores
2356 2513 2517 2572 fuere
2562 2531 2711 2589 quos
2756 2518 2890 2589 cepi

1147 2613 1308 2671 leues

379 2709 499 2767 400
706 2710 946 2768 Praeter
1000 2727 1179 2784 quam
1237 2659 1327 2770 tui
1379 2707 1704 2768 carendum
1762 2707 1927 2783 quod
1985 2717 2123 2766 erat.
2218 2709 2312 2768 SY.
2378 2708 2601 2788 (aside)
2667 2709 2887 2768 Credo,

1146 2808 1253 2867 CL.
1293 2807 1488 2885 (aside
1516 2815 1571 2864 to
1600 2805 1817 2882 SvRus)
1856 2807 2017 2885 Syre,
2048 2806 2149 2865 uix
2176 2807 2425 2866 suffero:
2831 2833 2889 2864 20

705 2905 942 2963 Hocine
973 2923 1069 2962 me
1098 2905 1375 2962 miserum
1404 2909 1527 2962 non
1554 2905 1732 2962 licere
1762 2909 1899 2963 meo
1929 2905 2112 2965 modo
2140 2905 2440 2979 ingenium
2470 2904 2579 2962 frui
2606 2906 2617 2962 !

557 3001 652 3060 SY.
707 3000 902 3077 (aside
930 3010 986 3059 to
1014 3000 1257 3078 Cum)
1299 3004 1494 3060 Immo
1537 3005 1601 3060 1'1t
1645 3012 1876 3077 patrem
1917 3012 2083 3061 tuom
2126 3002 2249 3060 uidi
2293 3019 2422 3059 esse
2466 3000 2752 3072 habiturn,
2783 3000 2887 3059 diu

1145 3099 1324 3157 etiam
1355 3098 1527 3156 duras
1559 3098 1741 3158 dabit.

555 3197 661 3254 ΒΑ.
709 3198 800 3273 (to
840 3197 1186 3270 ANTIPHILA,
1216 3198 1410 3270 seeing
1448 3196 1691 3272 CLINIA)
1732 3197 1880 3270 Quis
1922 3215 2061 3254 nam
2104 3196 2201 3254 hic
2244 3196 2591 3254 adulescens
2632 3197 2740 3268 est,
2784 3197 2888 3270 qui

1140 3293 1383 3352 intuitur
1409 3295 1561 3352 nos?
1642 3295 1754 3352 AN.
1787 3292 2011 3368 (seeing
2034 3283 2245 3353 CLINIA
2272 3293 2405 3352 and
2422 3311 2715 3352 overcome
2740 3295 2887 3364 with

1131 3393 1273 3468 joy)
1311 3391 1424 3464 Ah,
1455 3391 1643 3450 retine
1672 3410 1787 3464 me,
1818 3392 2067 3451 obsecro
2094 3395 2105 3450 l

558 3489 663 3546 ΒΑ.
701 3487 934 3547 Amabo
960 3488 1105 3562 quid
1133 3489 1335 3548 tibist?
1388 3491 1500 3548 ΑΝ.
1534 3491 1809 3564 Disperii,
1835 3490 1981 3564 perii
2009 3490 2259 3548 misera!
2316 3491 2420 3548 BA.
2452 3487 2615 3563 Quid
2642 3491 2891 3564 stupes?

374 3582 495 3641 405
565 3584 670 3646 CL.
698 3584 1037 3660 Antiphila!
1101 3587 1216 3644 AN.
1259 3586 1496 3646 Videon
1524 3586 1776 3645 Cliniam
1805 3604 1881 3644 an
1908 3587 2072 3644 non?
2152 3588 2257 3643 ΒΑ.
2302 3585 2497 3659 Quem
2536 3584 2751 3644 uides?
2830 3612 2885 3658 25
