3259 4134
385 315 452 366 34
1459 315 1821 367 PHORMJO.
2650 316 2899 386 [ffi5.31-

718 498 1028 576 (pointing
1051 506 1108 556 to
1137 497 1482 577 Pmoun)
1517 481 1695 557 1dem
1724 496 1823 556 hic
1850 496 1979 572 tibi,
2006 495 2171 574 quod
2200 497 2343 558 boni
2379 500 2733 576 promeritus

1189 595 1384 669 sineris,
1413 593 1943 672 conduplicauerit.

561 695 680 752 Do,
707 694 907 753 verba
933 693 1115 752 istaec
1143 701 1296 752 sunt.
1379 694 1506 752 Am
1531 691 1927 770 (pleadingh)
1964 692 2411 770 Pamphilamne
2438 693 2551 753 hac
2584 695 2730 756 (ιι-δε

1189 790 1403 866 priuari
1429 789 1627 849 sines?

653 900 660 907 ·
705 890 860 948 T1'1m
887 897 1194 964 praeterea
1219 887 1446 946 honinc
1477 906 1745 948 amorem
1773 887 2017 948 distrahi
2044 891 2279 964 poterin
2305 889 2430 966 pati
2443 890 2473 948 Ρ

557 989 675 1047 Do.
705 988 919 1062 Neque
948 1005 1062 1063 ego
1089 1004 1284 1062 neque
1313 995 1395 1045 tu.
1479 987 1594 1047 Gn.
1629 986 1909 1065 (angn‘ty,
1932 993 1991 1046 to
2018 985 2251 1065 Domo)
2282 987 2362 1046 Di
2389 986 2497 1046 tibi
2523 1005 2730 1050 omnes

1186 1084 1250 1143 id
1278 1082 1442 1158 quod
1471 1102 1536 1143 es
1565 1083 1780 1160 digm'rs
1808 1083 2017 1143 duint!

380 1181 501 1242 520
555 1185 674 1242 Do.
713 1183 802 1261 (to
831 1180 1173 1259 Pmmm)
1212 1166 1346 1258 Ego
1374 1192 1433 1240 te
1461 1181 1781 1258 compluris
1824 1181 2141 1242 aduersum
2183 1180 2485 1258 ingenium
2528 1201 2725 1243 meum

1183 1282 1400 1338 mensis
1428 1279 1551 1353 tuli,
2419 1275 2430 1282 “

703 1377 1134 1438 Poliicitantem
1177 1386 1238 1436 et
1277 1376 1359 1436 nil
1399 1376 1709 1451 ferentem,
1750 1375 1991 1437 flentem
2012 1399 2032 1452 ;
2078 1395 2239 1437 nunc
2278 1387 2490 1438 contra
2528 1378 2730 1438 omnia
2762 1434 2769 1440 ,

1182 1474 1370 1533 haec:
1465 1499 1471 1508 ·

702 1572 966 1651 Repperi
993 1572 1094 1648 qui
1121 1571 1226 1631 det
1251 1590 1449 1648 neque
1477 1573 1799 1632 lacrumet:
1844 1571 1925 1632 da
1950 1573 2149 1633 locum
2176 1573 2533 1634 melioribus.

556 1674 670 1730 ΑΝ.
708 1671 797 1750 (to
848 1669 1190 1748 PHAEDRIA)
1242 1671 1425 1730 certe
1474 1670 1692 1744 hercle,
1713 1657 1717 1661 ’
1735 1689 1849 1748 ego
1891 1670 1941 1729 si
1988 1671 2128 1730 satis
2175 1671 2576 1744 commemini,
2620 1671 2727 1732 tibi

1182 1767 1483 1843 quidemst
1511 1767 1655 1827 olim
1681 1767 1829 1842 dies,

703 1866 899 1940 Quam
927 1864 1005 1924 eid
1040 1865 1214 1924 dares
1254 1865 1393 1923 huie
1430 1866 1743 1944 (pointe'ng
1778 1873 1836 1924 to
1878 1865 2141 1943 Domo),
2170 1867 2525 1942 praestituta.
2614 1868 2723 1927 Pa.

1183 1962 1233 2021 F
1233 1964 1449 2021 actum.
1533 1963 1649 2022 Do.
1700 1963 1861 2021 Num
1890 1981 2004 2040 ego
2029 1963 2182 2022 isttic
2211 1965 2408 2040 nego?

378 2059 498 2120 525
557 2064 672 2120 ΑΝ.
702 2063 832 2120 Iam
879 2063 953 2119 ea
1007 2060 1307 2138 praeteriit
1321 2061 1349 2119 Ρ
1429 2061 1548 2120 Do.
1606 2061 1766 2133 Non,
1816 2077 2023 2119 uerum
2078 2060 2229 2120 haec
2282 2063 2339 2120 εἰ·
2392 2061 2723 2121 antecessit.

1181 2159 1297 2216 Au.
1342 2158 1481 2217 Non
1510 2155 1700 2234 pudet

697 2255 1029 2315 Vanitatis?
1109 2256 1227 2315 D0.
1278 2256 1568 2328 Minume‚
1617 2253 1763 2314 dum
1810 2255 1893 2315 ob
1938 2273 2085 2315 rem.
2168 2256 2283 2316 Gr„
2337 2256 2617 2335 (angula
2665 2263 2725 2315 to

1181 2352 1412 2430 Domo)
1451 2351 1883 2412 Sterculinuml
1967 2355 2077 2413 Pu.
2122 2353 2327 2422 Dorio,

701 2436 872 2510 itane
927 2448 1170 2509 tandem
1225 2451 1419 2509 facere
1477 2451 1758 2526 oportet?
1836 2451 1956 2508 Do.
2012 2451 2109 2510 Sic
2163 2465 2331 2509 sum:
2388 2451 2437 2509 si
2492 2450 2721 2526 placeo,

1180 2550 1366 2607 litere.

556 2649 669 2706 An.
700 2647 796 2706 Sic
829 2645 986 2704 hunc
1024 2644 1252 2721 decipis
1267 2647 1295 2703 Ρ
1376 2646 1494 2704 Do.
1538 2647 1739 2705 Immo
1778 2645 1938 2705 enim
1978 2663 2143 2719 uero,
2172 2635 2461 2723 Antipho,
2488 2645 2585 2703 hic
2624 2664 2721 2705 me

1179 2742 1441 2819 decipit:
2612 2755 2616 2760 '

703 2842 859 2900 Nam
901 2840 999 2900 hic
1042 2859 1140 2900 me
1183 2840 1354 2900 huius
1398 2841 1565 2901 modi
1609 2841 1800 2901 scibat
1839 2858 1987 2915 esse,
2026 2857 2140 2917 ego
2180 2841 2339 2901 hone
2382 2859 2513 2901 esse
2556 2841 2724 2901 aliter

1181 2937 1451 3013 credidi3

377 3036 497 3097 530
701 3021 824 3095 iste
853 3055 950 3095 me
979 3036 1201 3109 fefellit,
1234 3054 1348 3113 ego
1377 3036 1472 3096 isti
1497 3036 1619 3095 nilo
1647 3054 1777 3095 sum
1804 3035 1973 3095 aliter
1997 3037 2069 3094 ac
2098 3035 2200 3096 sui.

695 3135 813 3195 Sed
841 3144 906 3194 ut
932 3143 998 3194 ut
1027 3135 1178 3194 haec
1207 3145 1358 3209 sunt,
1381 3137 1582 3195 taimen
1609 3134 1727 3193 hoc
1754 3131 2007 3193 faciamt
2048 3135 2181 3194 eriis
2208 3152 2386 3194 mane
2413 3137 2722 3212 argenttim

1179 3233 1325 3293 mihi

701 3330 876 3390 Miles
903 3329 1048 3390 dare
1077 3349 1140 3390 se
1169 3330 1353 3390 dixit:
1399 3330 1448 3389 si
1475 3329 1619 3389 mihi
1648 3332 1809 3406 prior
1835 3339 1900 3390 tu
1926 3329 2207 3404 timueris,
2236 3327 2545 3404 Phaedria,

700 3430 843 3488 Meni
870 3428 1001 3505 lege
1027 3437 1177 3502 utar,
1205 3430 1271 3487 (nt
1298 3427 1495 3503 potior
1521 3427 1613 3500 sit,
1644 3431 1747 3504 qui
1772 3427 1933 3505 prior
1958 3426 2039 3486 ad
2066 3427 2407 3488 dandfimst.
2488 3427 2641 3488 nale.

2050 3525 2248 3603 (Exit
2265 3533 2323 3584 to
2348 3525 2596 3599 Forum,
2624 3524 2715 3599 R.)

2833 1211 2889 1259 35

2826 3064 2881 3113 45
