3259 4134
365 291 430 343 54
1439 286 1805 340 PHORMJO.
2684 284 2877 356 [ωεις-

365 470 482 529 845
687 457 889 546 Atque
915 468 1220 530 hominem
1255 486 1512 545 propero
1555 469 1836 543 inuenire,
1866 477 1931 528 ut
1970 467 2120 528 haec
2162 486 2316 546 quae
2353 470 2710 546 contigerint
2849 495 2872 545 ⁵

1169 567 1334 626 sciat.
1414 568 1701 645 (Throws
1721 568 1816 626 his
1837 567 2003 625 cloak
2022 586 2165 626 over
2181 568 2275 626 his
2294 567 2575 626 shoulder
2592 569 2724 626 and

1167 671 1351 724 starts
1377 662 1508 743 off.)

541 765 657 823 ΑΝ.
693 761 890 842 (asz'de
918 769 974 820 to
1003 759 1317 838 Pnolufflo)
1357 762 1518 821 Num
1549 772 1612 820 tu
1640 762 1947 838 intellegis,
1976 761 2121 838 quid
2149 760 2247 820 hic
2282 764 2522 821 narret?
2603 764 2712 821 PH.

1176 859 1372 937 (aside
1413 866 1471 917 to
1510 858 1818 935 ANTIPHO)
1857 861 2021 918 Num
2054 861 2160 918 tu?
2238 860 2353 919 AN.
2397 859 2518 918 Nil.
2603 861 2713 918 ΡΗ.

1164 955 1545 1016 Tantundem
1574 975 1703 1033 ege.

541 1058 653 1118 GE.
696 1055 780 1134 (to
807 1054 1058 1129 himseff,
1087 1074 1158 1113 as
1185 1055 1256 1113 lte
1285 1073 1474 1113 moves
1501 1053 1620 1131 off)
1660 1044 1762 1113 Ad
1802 1055 2080 1114 lenonem
2122 1054 2260 1113 hinc
2301 1058 2385 1114 ire
2428 1071 2709 1132 pergam:

1167 1151 1251 1212 ibi
1291 1155 1450 1211 n1'1nc
1495 1162 1648 1211 sunt.
1729 1154 1840 1211 ΑΝ.
1896 1152 2070 1231 (calle
2118 1151 2277 1226 aster
2311 1152 2468 1228 him)
2521 1154 2711 1225 Hem,

1167 1251 1361 1310 Geta!
1445 1250 1558 1309 GE.
1599 1249 1887 1328 (without
1906 1249 2197 1327 slopping)
2235 1235 2351 1308 Em
2378 1249 2521 1309 tibi:

689 1349 852 1408 Num
881 1347 1092 1406 mirum
1120 1357 1220 1406 aut
1261 1351 1538 1406 nouomst
1579 1347 1863 1420 reuocari,
1894 1350 2131 1406 cursum
2171 1366 2355 1422 quom
2396 1347 2715 1406 institeris?

1168 1448 1282 1504 AN.
1323 1444 1498 1523 (calls
1524 1443 1734 1521 again)
1773 1446 1967 1505 Geta!

541 1546 656 1604 GE.
695 1543 907 1622 (mide,
941 1544 1071 1601 still
1102 1543 1359 1601 wethout
1392 1544 1684 1619 stopping)
1723 1543 1918 1618 Pergit
1959 1542 2174 1602 hercle.
2254 1540 2507 1620 (aloud)
2544 1545 2711 1601 num-

1167 1658 1345 1714 quam
1375 1649 1439 1698 tu
1468 1640 1609 1699 odio
1640 1641 1743 1698 tuo
1772 1658 1869 1699 me
1896 1640 2120 1699 uinces,
2202 1641 2313 1698 AN.
2352 1638 2453 1717 (as
2480 1637 2708 1716 before)

1175 1737 1316 1796 Non
1345 1739 1592 1798 manes?

368 1835 487 1895 850
546 1837 661 1895 (ΞΕ.
700 1836 800 1913 (as
827 1833 1048 1911 before)
1078 1835 1342 1910 Vapula!
1409 1837 1522 1894 AN.
1555 1835 1657 1915 (as
1684 1833 1905 1912 before)
1940 1835 2013 1894 Id
2039 1834 2285 1911 quidem
2315 1834 2466 1895 tibi·
2450 1854 2569 1893 lam
2591 1835 2709 1908 fiet,

1172 1931 1283 1990 nisi
1313 1932 1550 2006 resistiS,
1579 1933 1849 1992 uerbem.

547 2031 661 2090 (ΞΕ.
698 2030 801 2107 (as
830 2027 1048 2106 before)
1089 2029 1549 2088 Familiariorem
1578 2039 1815 2105 oportet
1853 2033 1981 2090 esse
2024 2030 2217 2090 hunc:
2264 2031 2565 2089 minitatur
2592 2049 2712 2088 ma-

1171 2127 1311 2185 lum.

701 2225 940 2302 (Turns
974 2225 1106 2281 and
1128 2226 1444 2298 recognizes
1471 2223 1800 2302 ANTIPHO.)
1878 2225 1995 2284 Sed
2025 2225 2151 2284 isne
2182 2235 2271 2284 est
2291 2243 2471 2300 quem
2491 2243 2714 2300 quaero

1171 2323 1248 2378 an
1268 2323 1432 2380 non?
1458 2320 1663 2397 ipsust.
1730 2322 2094 2398 congredere
2118 2325 2399 2382 actutum.
2470 2322 2716 2401 (Comes

1174 2416 1370 2495 back.)
1461 2422 1574 2478 AN.
1621 2419 1783 2494 Quid
1815 2422 1945 2478 est?

466 2547 505 2582 ο
548 2519 660 2576 (ΞΕ.
692 2517 747 2576 O
791 2517 1074 2591 omnium,
1109 2519 1452 2591 quantumst
1493 2518 1596 2592 qui
1638 2517 1861 2590 uiuont,
1897 2517 2081 2576 homo
2121 2515 2430 2576 hominurn
2470 2521 2713 2577 ornatis-

1170 2632 1334 2673 sume
1363 2617 1375 2672 !

695 2712 851 2769 Natu
880 2711 1006 2769 sine
1035 2713 1440 2770 controuorsia
1469 2713 1545 2771 ab
1575 2712 1666 2771 dis
1696 2713 1851 2771 solus
1880 2713 2140 2790 diligere,
2170 2702 2455 2789 Antipho.

369 2808 489 2867 855
547 2811 660 2868 AN.
693 2792 786 2866 lta
813 2810 992 2869 uelim
1015 2831 1032 2884 3
1076 2809 1184 2868 sed
1213 2814 1312 2886 qui
1344 2811 1492 2869 istuc
1522 2810 1765 2869 credam
1794 2802 1875 2870 ita
1903 2814 2033 2870 esse
2062 2810 2205 2869 mihi
2233 2811 2353 2869 dici
2381 2811 2579 2870 uelim.
2825 2835 2873 2883 ις

548 2911 657 2968 (ΞΕ.
691 2909 888 2968 Satine
938 2917 1027 2967 est
1075 2909 1123 2968 si
1171 2918 1230 2967 te
1284 2908 1612 2968 delibutum
1662 2908 1879 2985 gaudio
1934 2908 2167 2988 reddo?
2244 2911 2358 2968 AN.
2416 2907 2706 2986 (angn’ly)

1171 2992 1406 3066 Enicas.

553 3106 663 3164 PH.
699 3103 790 3184 (to
831 3104 1031 3183 (ΞΕΤΑ)
1080 3106 1241 3179 Quin
1283 3114 1345 3163 tu
1390 3105 1530 3162 hinc
1571 3104 2023 3181 pollicitationes
2071 3104 2237 3163 aufer
2281 3112 2342 3163 et
2388 3100 2553 3178 quod
2602 3102 2717 3161 fers

1171 3202 1339 3261 ced0.
1429 3203 1544 3262 (ΞΕ.
1589 3202 1707 3276 Oh,

688 3301 783 3359 Tu
811 3317 1048 3375 quoque
1077 3300 1304 3372 aderaS‚
1336 3300 1658 3359 Phormio?
1740 3301 1851 3360 PH.
1892 3300 2167 3358 Aderam.
2253 3297 2363 3358 sed
2390 3307 2453 3357 tu
2482 3298 2717 3357 cessas?

1173 3399 1285 3457 (ΞΕ.
1329 3387 1577 3473 Accipe,
1609 3416 1742 3456 em:

702 3492 793 3574 (to
821 3493 1136 3570 PHORMIO)
1173 3479 1252 3553 Vt
1281 3495 1463 3553 modo
1492 3497 1800 3570 argentum
1838 3494 1945 3555 tibi
1986 3493 2261 3554 dedimus
2302 3492 2462 3570 apud
2504 3493 2713 3566 sorum,

1173 3593 1336 3650 recta
1363 3590 1610 3650 domum
