3259 4134
342 325 348 330 .
416 255 482 304 16
1433 287 1439 294 .
1490 251 1854 301 PHORMJO.
2700 253 2929 321 [fid-¹5·-

736 434 900 509 Quid
942 451 1056 511 ego
1097 435 1172 492 ex
1214 432 1324 490 hac
1368 432 1570 508 inopia
1611 451 1768 490 nunc
1810 433 2063 510 capiam,
2106 442 2167 492 et
2209 433 2355 510 quid
2397 443 2460 493 tu
2500 453 2576 493 ex
2616 436 2764 494 istac
2874 461 2926 510 15

719 604 730 613 ο
1220 531 1398 605 copia
1415 551 1436 604 3
1854 541 1863 550 “

735 632 816 689 Vt
832 648 908 688 ne
927 628 1166 701 ⁴Addam,
1184 626 1347 703 quod
1371 628 1495 686 sine
1518 631 1755 704 sumptu
1778 628 2115 704 ingenuam,
2132 628 2433 690 liberalem
2455 627 2661 689 naetus
2682 649 2765 704 eS‚

738 726 920 802 Quod
951 726 1151 798 habes,
1182 725 1264 783 ita
1290 734 1356 783 ut
1382 725 1637 798 uoluisti,
1666 743 1911 784 uxorem
1939 729 2065 785 sine
2094 727 2249 785 mala
2276 726 2435 786 fama
2460 729 2693 802 palam:

415 825 532 884 170
736 827 972 896 Beatus,
1003 823 1064 881 ni
1092 841 1275 880 unum
1305 820 1475 895 desit,
1507 822 1737 882 animus
1766 826 1867 899 qui
1894 823 2167 883 modeste
2195 824 2379 884 istaec
2408 825 2573 884 ferat.

738 921 920 997 Quod
950 924 998 980 si
1028 921 1134 980 tibi
1163 939 1256 979 res
1284 920 1359 979 sit
1387 939 1525 979 cum
1556 924 1630 984 eo
1660 920 1873 979 lenone
1902 925 2023 996 quo
2054 921 2272 996 mihist,
2301 931 2427 981 tum
2456 923 2691 981 sentias.

740 1022 835 1080 Ita
862 1021 1126 1097 plerique
1157 1037 1364 1077 omnes
1393 1022 1591 1077 sumus
1619 1019 1857 1095 ingenio
1882 1041 1894 1077 :
1926 1018 2112 1078 nostri
2141 1029 2373 1079 nosmet
2400 1021 2683 1098 paenitet.
2872 1047 2931 1078 20

597 1122 713 1179 AN.
742 1121 820 1178 At
847 1121 910 1177 τύ
943 1118 1086 1177 mihi
1116 1127 1322 1176 contra
1351 1119 1509 1176 nunc
1538 1115 1745 1175 uidere
1774 1117 2119 1190 fortunatus,
2152 1115 2463 1207 Phaedria,

741 1217 900 1292 Quoi
929 1215 1006 1274 de
1036 1219 1266 1292 integro
1294 1224 1384 1274 est
1410 1217 1675 1292 potestas
1706 1214 1885 1273 etiam
1914 1215 2283 1288 consulendi,
2312 1216 2457 1291 quid
2485 1216 2667 1275 uelis:

418 1314 537 1373 175
739 1315 1023 1376 Retinere
1053 1332 1312 1374 amorem
1341 1333 1418 1372 an
1444 1317 1678 1374 mittere
1699 1334 1717 1386 3
1746 1331 1860 1390 ego
1880 1313 1942 1372 in
1963 1333 2102 1372 eum
2122 1312 2307 1373 incidi
2328 1314 2529 1373 infelix
2548 1313 2768 1386 locum,

737 1413 819 1471 Vt
846 1414 1041 1488 neque
1070 1412 1215 1471 mihi
1243 1412 1367 1470 eius
1397 1411 1470 1471 sit
1498 1410 1809 1470 &mittendi
1836 1413 1948 1470 nec
1980 1411 2273 1470 retinendi
2301 1412 2493 1489 copia.

749 1509 916 1590 (Sees
945 1510 1116 1569 GETA
1137 1510 1404 1584 running
1420 1509 1686 1567 towards
1708 1508 1912 1586 them.)
1944 1507 2061 1568 Sed
2084 1508 2228 1585 quid
2251 1507 2368 1568 hoc
2390 1519 2480 1567 est
2494 1511 2522 1568 Ρ
2547 1509 2769 1567 uideon
2873 1534 2927 1582 25

1222 1609 1332 1683 ego
1363 1607 1578 1666 Getam
1607 1609 1943 1665 currentem
1972 1606 2088 1665 huc
2117 1605 2400 1666 aduenire
2415 1608 2443 1666 Ρ

751 1703 854 1782 (as
894 1705 1066 1764 GE‘rA
1103 1707 1324 1783 enters)
1370 1704 1430 1762 Is
1472 1713 1561 1762 est
1600 1706 1782 1778 ipsuS.
1866 1704 1940 1777 ei,
1984 1705 2170 1766 timeo
2210 1703 2409 1778 miser,
2448 1720 2630 1780 quam
2671 1702 2769 1762 hic

1225 1801 1372 1862 mihi
1397 1819 1556 1862 nunc
1582 1801 1816 1862 nuntiet
1842 1819 1988 1861 rem.

1300 2032 1350 2072 χ
1527 1997 1725 2056 SCENE
1770 2017 1823 2055 2.

422 2146 572 2196 GETA
593 2145 766 2209 brings
788 2145 875 2194 the
898 2159 1036 2194 news
1057 2143 1116 2193 of
1143 2145 1448 2194 DEMIPHO'S
1471 2144 1741 2209 approach.
1809 2146 2061 2193 ΑΝἸῚΡΗΟ
2084 2144 2127 2193 is
2146 2145 2431 2208 persuaded
2454 2145 2521 2208 by
2542 2145 2622 2194 his
2654 2144 2843 2193 friends
2877 2149 2933 2193 to

504 2228 622 2277 wait
645 2227 722 2276 for
739 2227 844 2276 him
867 2228 969 2276 and
989 2226 1142 2276 brave
1166 2227 1253 2276 the
1276 2234 1456 2277 matter
1475 2234 1578 2288 out,
1595 2227 1688 2276 but
1712 2234 1763 2277 at
1784 2227 1879 2276 last
1900 2227 2033 2276 loses
2055 2241 2271 2290 contage
2295 2228 2398 2276 and
2419 2242 2538 2276 runs
2560 2241 2714 2290 away,
2732 2227 2933 2290 leaving

506 2312 794 2360 PHAEDRIA
815 2310 918 2359 and
939 2309 1090 2358 GETA
1112 2316 1165 2358 to
1188 2310 1299 2358 face
1324 2310 1410 2358 the
1434 2325 1590 2373 angry
1613 2309 1793 2359 father.

428 2466 529 2548 [E
530 2475 664 2526 nter
689 2468 878 2539 GETA,
902 2467 1180 2542 running,
1190 2465 1366 2540 from
1391 2467 1663 2538 Harbor,
1686 2483 1738 2524 L.
1819 2466 1984 2524 Does
2006 2474 2115 2524 not
2135 2467 2319 2527 notice
2339 2467 2435 2524 tlte
2445 2476 2725 2542 presence
2749 2463 2824 2540 qs
2838 2465 2933 2524 the

885 2564 1079 2622 others
1109 2565 1270 2622 until
1287 2565 1564 2622 ANTIPHO
1591 2564 1734 2621 calis·
1760 2570 1871 2621 out
1890 2571 1948 2622 to
1976 2564 2099 2622 him
2138 2564 2223 2641 (v.
2260 2583 2329 2640 19
2336 2562 2465 2642 5).]

973 2743 1173 2801 GETA
1413 2742 1751 2800 ANT11>no
1992 2743 2385 2801 PHAEmuA

978 2850 1172 2888 SERVOS
1382 2849 1789 2886 ADVLESCENTES
2168 2849 2210 2887 11

423 2978 453 3035 I
480 3003 509 3048 4
601 2976 715 3035 Gn.
755 2973 844 3053 (to
872 2971 1145 3050 himseff)
1187 2971 1394 3030 Nullus
1422 2990 1504 3046 ες,
1537 2972 1711 3045 θεῖά,
1741 2971 1852 3031 nisi
1880 2971 1998 3030 iam
2031 2970 2271 3047 aliquod
2312 2972 2421 3031 tibi
2462 2967 2802 3032 consilium'

1229 3069 1422 3129 celere
1452 3069 1709 3147 reperis:

421 3170 552 3230 180.
744 3153 840 3228 ita
865 3186 1023 3227 nunc
1054 3168 1387 3245 inparatum
1417 3168 1613 3228 subito
1642 3169 1804 3226 tauta
1831 3176 1891 3225 te
1918 3166 2247 3243 inpendent
2276 3167 2468 3240 mala3

746 3270 915 3345 Quae
943 3271 1139 3346 neque
1167 3269 1253 3328 uti
1287 3268 1550 3328 deuitem
1581 3267 1704 3326 scio
1730 3283 1925 3342 neque
1962 3269 2083 3342 quo
2124 3265 2310 3325 modo
2352 3284 2449 3326 me
2488 3265 2631 3326 inde
2673 3267 2772 3325 ex-

1232 3373 1460 3432 traham
1480 3393 1498 3446 3

747 3471 906 3530 Nam
933 3473 1057 3530 non
1084 3479 1282 3546 potest
1311 3469 1489 3529 celati
1517 3443 1721 3528 nostra
1748 3467 1965 3527 diutius
1994 3466 2114 3525 iam
2144 3464 2411 3526 audacia.

603 3571 719 3628 ΑΝ.
756 3568 846 3648 (to
879 3567 1220 3646 Pmmnnm)
1259 3565 1422 3644 Quid
1451 3566 1567 3626 sslic
1597 3566 1933 3626 commotus
1960 3564 2167 3624 uenit?
2910 3573 2942 3620 6

2909 3488 2940 3534 -ῂ
