3259 4134
428 277 607 343 ii.3.2.]
1483 273 1863 321 PHORMJO.
2877 271 2939 322 19

610 459 724 516 AN.
756 457 814 515 N
817 474 897 515 on
923 460 1167 532 possum
1196 453 1423 512 adesse.
1499 451 1729 531 (Starts
1758 460 1815 510 to
1842 454 2003 510 leave
2031 454 2125 510 the
2149 458 2357 529 stage.)
2450 454 2563 513 GE.
2601 453 2776 531 (calls

1229 552 1389 626 after
1412 551 1568 628 him)
1607 548 1720 623 Ah,
1750 550 1893 625 quId
1927 552 2092 627 agis?
2130 571 2251 627 quo
2288 553 2434 625 abis,
2465 542 2733 630 Antipho
2750 557 2778 614 Ρ

751 655 932 711 Mane
962 655 1220 727 inquam.
1304 653 1415 710 ΑΝ.
1457 650 1747 728 (without
1781 651 2051 728 turning)
2092 653 2348 728 Egomet
2392 670 2487 711 me
2528 653 2670 712 noui
2714 663 2775 712 et

1231 753 1546 825 peccatom
1577 767 1775 806 meum
1800 771 1812 806 :

425 877 483 920 40
746 849 930 908 Vobis
959 847 1320 906 commendo
1351 847 1637 906 Phanium
1666 857 1727 905 et
1754 846 1937 905 uitam
1968 865 2179 907 meam.

1858 945 2053 1020 (Exit
2072 945 2287 1020 hastily
2315 955 2370 1003 to
2395 945 2643 1020 Forum,
2674 946 2763 1024 R.)

607 1046 718 1103 Pu.
747 1046 921 1117 Geta,
951 1043 1095 1120 quid
1123 1058 1280 1101 nunc
1309 1043 1453 1102 fiet?
1533 1043 1648 1102 GE.
1691 1043 1783 1101 To
1812 1043 1929 1100 iam
1959 1041 2071 1099 litis
2100 1042 2305 1102 aodies
2324 1064 2343 1117 3

751 1143 880 1218 Ego
908 1141 1134 1217 plectar
1161 1141 1448 1216 pendens,
1479 1141 1587 1199 nisi
1618 1139 1762 1215 quid
1792 1157 1888 1198 me
1921 1140 2206 1199 fefellerit.
2813 1141 2932 1201 220

747 1238 864 1299 Sed
893 1238 1057 1316 quod
1087 1237 1270 1297 modo
1299 1238 1396 1296 hie
1425 1256 1532 1297 nos
1561 1227 1972 1313 Antiphonem
2002 1238 2354 1311 monuimuS,

750 1335 824 1396 Id
851 1341 1086 1397 nosmet
1115 1338 1274 1414 ipsos
1303 1337 1496 1396 facere
1523 1346 1779 1412 oportet,
1813 1336 2118 1396 Phaedria.

425 1461 480 1507 45
566 1457 573 1462 ·
610 1435 719 1493 Pu.
747 1435 928 1494 Auser
956 1435 1038 1494 mi
1067 1439 1084 1468 ‘
1103 1446 1339 1511 oportet
1360 1437 1373 1463 ²
1399 1458 1412 1495 ι
1457 1438 1600 1511 quin
1627 1444 1694 1493 tu
1722 1433 1866 1510 quid
1897 1435 2107 1492 faciam
2136 1437 2379 1509 impera.

603 1534 718 1592 GE.
750 1533 1135 1607 Meministin,
1165 1534 1306 1593 olim
1334 1543 1400 1592 ut
1429 1533 1601 1591 foerit
1627 1542 1826 1591 uostra
1853 1533 2039 1590 oratio

749 1632 822 1688 In
849 1650 911 1691 re
941 1631 1282 1707 incipiunda
1311 1630 1388 1689 ad
1417 1629 1859 1690 defendendam
1886 1629 2145 1703 noxiam,
2812 1630 2931 1689 225

751 1729 974 1788 Iustam
1001 1729 1160 1787 illam
1189 1747 1447 1802 causam,
1477 1729 1731 1801 facilem,
1761 1728 2120 1800 uincibilem,
2152 1731 2455 1814 optumam
2473 1730 2501 1786 ?

556 1847 562 1852 ·
606 1827 717 1884 Pu.
747 1826 1015 1885 Memini.
1100 1828 1213 1886 GE.
1245 1812 1378 1899 Em,
1407 1845 1567 1885 nunc
1595 1827 1779 1902 ipsast
1806 1829 1975 1901 opus,
2006 1843 2077 1883 ea
2104 1834 2221 1898 aut,
2252 1825 2299 1883 si
2328 1825 2470 1900 quid
2500 1835 2715 1900 potest,

428 1948 484 1996 50
751 1923 1001 1983 Meliore
1031 1934 1091 1983 et
1118 1925 1437 1985 callidiore.
1523 1927 1632 1983 PH.
1679 1924 1809 1982 Fiet
1838 1921 2062 2006 sedulo.

605 2021 719 2080 GE.
750 2021 926 2081 Nunc
954 2025 1116 2098 prior
1143 2023 1306 2082 adito
1335 2032 1418 2096 tu,
1448 2025 1561 2098 ogo
1589 2021 1653 2079 in
1678 2021 1905 2080 insidiis
1932 2019 2029 2078 hic
2058 2038 2161 2079 ero

748 2118 1243 2193 SubcenturiatuS,
1274 2123 1322 2178 si
1349 2120 1493 2194 quid
1521 2119 1802 2185 deficias„
1868 2119 1977 2176 PH.
2020 2120 2164 2193 Age.
2811 2118 2932 2178 230

917 2216 1259 2294 (Pfflnnm
1286 2218 1418 2274 and
1437 2217 1607 2275 GETA
1637 2217 1812 2274 retire
1840 2223 1907 2273 to
1923 2215 2071 2272 back
2098 2214 2171 2289 of
2183 2223 2357 2290 stage,
2381 2233 2457 2288 R.,
2483 2217 2576 2274 the
2596 2217 2775 2274 latter

1712 2314 1913 2370 round
1933 2313 2027 2371 tlte
2053 2331 2267 2370 corner
2290 2314 2415 2370 into
2444 2315 2538 2371 the
2564 2313 2759 2390 alley.)

1529 2464 1726 2522 SCENE
1768 2483 1823 2538 3.

425 2593 686 2643 Dzmrno
719 2593 904 2643 arrives
938 2594 990 2644 in
1024 2611 1055 2644 a
1088 2609 1223 2656 tage,
1246 2594 1434 2656 having
1467 2594 1624 2643 heard
1657 2594 1743 2642 the
1778 2609 1915 2641 news
1949 2593 2007 2641 of
2034 2593 2114 2641 his
2146 2595 2281 2642 son’s
2312 2593 2571 2656 marriage.
2641 2594 2931 2642 PHAEDRIA

506 2677 606 2725 and
629 2676 779 2724 GE‘rA
801 2676 853 2725 in
875 2677 991 2726 vain
1014 2683 1090 2740 try
1112 2684 1165 2726 to
1194 2676 1363 2740 justify
1387 2676 1701 2726 themselves».
1768 2677 2031 2726 DEMIPHO
2060 2677 2305 2726 demands
2339 2683 2393 2725 to
2426 2675 2553 2724 have
2589 2675 2667 2725 his
2700 2692 2793 2724 son
2828 2677 2931 2726 and

507 2759 764 2808 PHORMIO
785 2759 1003 2822 brought
1026 2759 1198 2809 before
1221 2759 1342 2809 him.

430 2873 665 2954 [Enter
709 2877 1000 2935 ΒΕΜῙΡΗΟ
1029 2875 1200 2950 from
1243 2877 1513 2951 Harbor,
1557 2895 1609 2936 L.
1693 2877 2081 2952 Soliloquizes,
2127 2885 2234 2936 not
2268 2878 2577 2952 observing
2616 2877 2965 2936 PHAEDRIA-

759 2975 892 3032 and
912 2975 1102 3048 GETA,
1129 2976 1265 3033 who
1292 2993 1565 3034 converse
1591 2977 1656 3033 in
1685 2977 1800 3033 low
1827 2981 1986 3032 tones
2012 2982 2084 3032 at
2104 2974 2252 3032 back
2279 2974 2353 3049 qs
2376 2972 2585 3052 stage]

960 3107 1317 3166 DEM11³no
1563 3108 1955 3165 PHAEmuA
2199 3107 2399 3165 GETA

1047 3198 1214 3235 SENEX
1579 3197 1921 3235 ADVLESCENS
2200 3197 2395 3236 szRvos

425 3285 489 3343 11
521 3311 541 3343 1
596 3286 710 3345 DE.
750 3284 839 3365 (to
880 3285 1128 3360 himself,
1171 3286 1430 3363 angrily)
1482 3272 1655 3346 ltane
1698 3285 1942 3345 tandem
1990 3291 2235 3346 uxorem
2284 3286 2450 3346 duxit
2497 3276 2766 3365 Antipho

1221 3384 1439 3443 iniusso
1472 3386 1652 3444 meo?

742 3482 875 3540 Nec
916 3499 1116 3540 meum
1159 3482 1488 3558 imperium,
1533 3501 1604 3540 ac
1650 3486 1822 3541 mitto
1863 3482 2197 3558 imperium,
2240 3486 2362 3542 non
2410 3483 2765 3542 simultatem

1227 3597 1422 3638 meam
