3259 4134
579 217 650 268 46
1426 215 1829 266 ADELPHOE.
2368 216 2443 281 [V
2466 229 2513 280 3,
2536 229 2679 280 4-34

825 382 882 441 O
911 381 1160 452 caelum,
1191 398 1228 438 o
1270 389 1441 452 terra,
1472 397 1510 438 o
1553 379 1737 438 maiia
1779 380 2064 456 Neptuni.
2147 381 2255 440 M1.
2306 380 2529 460 (aside)
2568 367 2683 439 Em

1465 477 1608 535 tibi:
2640 497 2680 536 o

608 593 635 631 ε
822 575 1086 634 Resciuit
1114 593 1355 632 omnem
1384 593 1509 632 rem
1530 595 1549 648 3
1593 573 1657 632 id
1685 593 1843 632 nunc
1872 575 2089 634 clamat
2116 576 2358 635 scilicet.
2567 495 2637 555 ⁷9

825 675 1065 732 Paratae
1121 672 1289 746 lites;
1360 671 1896 827 suchrrendumst.
2000 675 2117 733 DE.
2182 671 2404 753 (seeing
2454 673 2673 751 Mlclo)

1521 788 1696 828 ccum
1726 769 1897 829 adest

823 867 1174 927 Communis
1203 867 1536 942 corruptela
1561 877 1827 925 nostrum
1856 868 2123 926 liberum.

663 967 770 1023 M1.
829 965 916 1042 (to
961 963 1212 1042 DEMEA)
1262 962 1537 1022 Tandem
1580 964 1836 1040 reprime
1878 964 2244 1025 iracundiam
2286 975 2463 1042 atque
2506 965 2585 1025 ad
2616 967 2674 1026 te

1463 1060 1608 1120 redi.

661 1161 777 1218 DE.
821 1158 1118 1235 Repressi,
1148 1157 1315 1231 redii,
1344 1161 1516 1217 mitto
1545 1157 1862 1218 maledicta
1889 1160 2128 1233 omnia3
2566 1177 2673 1238 795

579 1273 630 1310 ιο
817 1259 973 1315 Rem
1002 1257 1192 1332 ipsAm
1221 1265 1533 1332 putemus:
1578 1255 1806 1314 dictum
1836 1256 1952 1315 hoc
1983 1257 2134 1316 inter
2160 1260 2271 1315 nos
2300 1256 2507 1316 fuit—

820 1356 912 1412 Ex
940 1362 998 1412 te
1028 1352 1180 1412 adeo
1208 1363 1300 1412 est
1326 1363 1520 1412 ortum
1547 1385 1646 1425 -·—‚
1676 1356 1752 1412 ne
1783 1364 1845 1412 tu
1874 1356 2108 1412 curares
2138 1371 2339 1413 meum

821 1454 990 1510 Neue
1020 1454 1133 1528 ego
1163 1453 1370 1510 tuom?
1409 1451 1724 1527 responde.
1809 1452 1916 1511 M1.
1962 1453 2011 1511 F
2011 1461 2285 1524 actumst,
2314 1455 2437 1512 non
2462 1471 2635 1529 nego,

661 1551 774 1607 DE.
819 1549 986 1622 Quor
1013 1552 1172 1607 nunc
1201 1547 1361 1624 apud
1390 1557 1448 1607 te
1477 1551 1688 1625 potat?
1728 1567 1877 1624 quor
1905 1549 2119 1625 recipis
2148 1551 2392 1608 meum?

819 1647 987 1720 Quor
1014 1647 1161 1705 emis
1190 1647 1461 1718 amicam,
1494 1647 1723 1705 Micio?
1763 1651 2010 1722 numqui
2038 1647 2233 1707 minus
2557 1650 2674 1706 800

578 1759 627 1798 15
815 1744 966 1802 Mihi
994 1743 1156 1802 idem
1185 1744 1273 1802 ius
1302 1753 1613 1819 aequomst
1641 1747 1770 1803 esse
1800 1744 1962 1820 quod
1994 1748 2286 1804 mecumst
2314 1744 2463 1804 tibi?

818 1840 1075 1915 Quando
1106 1844 1218 1917 ego
1249 1851 1411 1900 tuom
1441 1860 1560 1899 non
1590 1844 1752 1914 cum,
1782 1860 1858 1900 ne
1886 1845 2027 1900 cura
2054 1861 2273 1901 meum.

659 1941 763 1996 M1.
818 1940 960 1997 Non
1000 1940 1255 2013 aequom
1298 1938 1464 1998 dicis,
1551 1940 1666 1997 DE.
1713 1941 1895 1998 Non?
1978 1942 2086 1998 M1.
2132 1941 2289 1998 Nam
2332 1948 2503 1998 uetus
2543 1957 2671 1998 uer-

1457 2037 1601 2095 bum
1631 2036 1747 2095 hoC
1776 2036 2093 2112 quidemst,

817 2134 1177 2193 Communia
1203 2152 1329 2192 esse
1359 2137 1684 2192 amicorum
1712 2134 1865 2192 inter
1892 2153 1955 2194 se
1986 2135 2204 2194 omnia.

658 2232 771 2290 DE.
817 2231 1034 2290 Facete
1061 2235 1073 2289 l
1115 2250 1273 2289 nunc
1302 2231 1545 2290 demum
1573 2234 1757 2289 istaec
1786 2240 1925 2290 nata
1952 2232 2213 2291 oratiost.
2550 2235 2665 2310 805

574 2345 624 2383 20
654 2331 758 2386 M1.
802 2330 1082 2387 Ausculta
1110 2329 1331 2404 pauciS,
1361 2329 1470 2386 nisi
1500 2329 1889 2401 molestumst,
1922 2331 2173 2387 Demea.

817 2427 1129 2502 Principio,
1160 2426 1207 2484 si
1236 2425 1298 2484 id
1327 2436 1386 2484 te
1416 2424 1667 2498 mordet,
1698 2436 1996 2502 sumptum
2028 2426 2131 2484 fllii

815 2524 1012 2597 Quem
1042 2524 1280 2595 faciunt,
1310 2542 1531 2599 quaeso
1560 2523 1677 2582 hoc
1708 2523 1885 2582 facito
1917 2533 2115 2582 tecum
2142 2524 2368 2600 cogites
2392 2545 2405 2583 ε

811 2622 905 2678 Tu
934 2621 1062 2679 illos
1090 2620 1211 2679 duo
1241 2621 1381 2679 olim
1410 2625 1519 2697 pro
1546 2639 1607 2679 re
1638 2620 1885 2680 tollebas
1914 2631 2030 2693 tua,

814 2717 995 2792 Quod
1026 2719 1163 2777 satis
1192 2719 1442 2794 putabas
1472 2721 1572 2776 tua
1598 2719 1761 2776 bona
1788 2719 2079 2777 ambobus
2107 2719 2249 2790 fore,
2548 2721 2667 2777 810

571 2833 621 2870 25
811 2818 890 2873 Et
917 2818 1013 2874 me
1046 2825 1171 2873 tum
1199 2833 1443 2874 uxorem
1473 2814 1777 2873 credidisti
1808 2816 2032 2874 scilicet

812 2915 1162 2973 Ducturum.
1247 2912 1501 2971 eandem
1530 2913 1689 2971 illam
1718 2913 2009 2972 rationem
2038 2914 2341 2990 antiquam
2368 2913 2572 2989 optine
2596 2934 2609 2971 :

811 3012 1133 3082 Conserua,
1164 3028 1398 3085 quaere,
1429 3013 1623 3086 parce,
1657 3010 1748 3068 fac
1779 3028 1957 3085 quam
1987 3010 2319 3088 plurimum„

735 3145 744 3150 -
811 3108 932 3166 Illis
960 3109 1252 3183 relinquas
1272 3129 1290 3182 3
1333 3108 1578 3183 gloriam
1607 3117 1671 3166 tu
1702 3108 1872 3166 istam
1904 3107 2127 3184 optine.

810 3207 968 3278 Mea,
999 3207 1150 3280 quae
1179 3215 1412 3282 praeter
1439 3223 1611 3281 spem
1640 3207 1911 3277 euenere,
1944 3208 2183 3264 utantur
2210 3205 2354 3264 sine.
2545 3205 2658 3282 815

572 3317 620 3357 uo
805 3304 899 3361 De
929 3306 1161 3361 summa
1185 3303 1268 3360 nil
1296 3301 1591 3376 decedet3
1635 3301 1798 3377 quod
1827 3302 1965 3360 hinc
1994 3302 2327 3376 accesserit,

809 3399 883 3458 Id
911 3399 988 3458 de
1018 3401 1181 3457 lucro
1209 3402 1416 3476 putato
1447 3418 1574 3458 esse
1602 3418 1801 3459 omne.
1884 3399 2033 3459 haec
2062 3403 2111 3459 sl
2138 3398 2303 3458 uoles

810 3499 881 3555 In
909 3498 1109 3556 Animo
1137 3516 1275 3557 uere
1305 3499 1582 3576 cogitare,
1614 3499 1865 3570 Demea,

811 3596 888 3652 Et
918 3596 998 3653 mi
1027 3597 1088 3654 et
1116 3595 1222 3656 tibi
1251 3606 1311 3654 et
1338 3596 1447 3655 illis
1477 3596 1805 3672 dempseris
1834 3594 2182 3655 molestiam.

649 3693 764 3750 DE.
808 3692 986 3752 Mitto
1003 3711 1164 3752 rem:
1195 3692 1689 3754 consuetudinem
1710 3693 1970 3772 ipsorum
2001 3737 2016 3752 .
2050 3737 2064 3754 .
2096 3737 2110 3754 .
2154 3693 2263 3751 M1.
2294 3691 2512 3751 Mane:
2546 3692 2662 3749 820
