3259 4134
462 305 534 357 46
1391 309 1402 320 ·
1537 301 1901 350 PHORMIO.
1938 321 1949 330 s
2732 301 2985 367 [iv,6‚13.

467 488 505 544 7
506 484 585 543 40
645 485 761 544 ΕΗ.
792 483 1049 560 Respice
1077 482 1157 543 ad
1185 501 1301 542 me.
1385 483 1484 542 So.
1515 482 1781 560 (looking
1805 484 2005 558 closely
2030 491 2105 543 at
2121 482 2279 560 him)
2310 483 2391 542 Di
2413 484 2663 544 obsecro
2682 503 2809 559 u05‚

1269 582 1434 638 estne
1465 578 1562 637 hic
1591 579 1825 656 Stilpo?
1906 580 2023 639 ΕΗ.
2067 581 2227 639 Non.
2310 583 2408 641 So,
2452 583 2695 658 Negas?

644 682 760 741 ΕΗ.
802 680 897 754 (in
939 697 978 736 a
1021 679 1293 754 whisper,
1333 677 1677 754 beckoning)
1718 676 2005 737 Concede
2046 677 2187 736 hinc
2231 697 2267 736 a
2312 679 2530 740 foribus
2572 680 2811 758 paulum

1267 775 1543 834 istbrsum
1573 773 1769 849 sodeS‚
1800 775 2127 852 Sophrona.
2184 854 2192 862 .

789 876 885 934 Ne
927 892 1024 932 me
1069 877 1218 932 istoc
1265 871 1516 948 posthac
1557 873 1801 932 nomine
1844 872 2202 950 appellassiS.
2284 874 2384 934 So.
2428 873 2635 949 Quid?
2672 893 2814 948 non,
2926 901 2977 950 ις

1270 970 1540 1042 6bsecm,
1571 988 1635 1029 es

790 1072 987 1145 Quem
1015 1071 1253 1144 semper
1271 1078 1331 1126 te
1353 1085 1482 1153 esse
1505 1066 1788 1126 dictitasti
1802 1068 1831 1125 ?
1911 1068 2027 1128 ΕΗ.
2058 1065 2370 1146 (pointing
2386 1076 2443 1128 to
2464 1071 2613 1128 door
2635 1069 2710 1144 qs
2721 1071 2814 1130 his

1270 1163 1476 1242 house)
1516 1162 1616 1224 St'.
1700 1165 1799 1224 SO.
1844 1165 2007 1239 Quid
2032 1159 2139 1224 has
2168 1169 2380 1225 metuis
2410 1167 2606 1226 fores?

646 1269 762 1328 ΕΗ.
801 1267 1064 1347 (coming
1097 1282 1250 1323 near
1282 1263 1405 1335 her,
1436 1264 1571 1321 and
1601 1262 1883 1338 speaking
1918 1263 1982 1322 in
2024 1282 2065 1321 a
2106 1265 2222 1322 low
2262 1262 2422 1340 tone)
2459 1264 2816 1324 Conclusam

1269 1359 1367 1418 hic
1410 1360 1604 1420 habeo
1648 1364 1894 1420 uxorem
1939 1378 2196 1420 saeuam.
2277 1363 2483 1420 uerum
2526 1363 2675 1422 istoc
2721 1381 2817 1422 me

1267 1457 1508 1518 ndmine

470 1561 588 1620 745
791 1561 883 1617 Eo
910 1561 1224 1634 perperam
1253 1556 1394 1615 olim
1425 1555 1565 1630 dixi,
1596 1573 1675 1614 ne
1702 1574 1811 1614 uos
1841 1556 1991 1614 forte
2021 1553 2404 1631 inprudentes
2434 1557 2571 1616 foris

790 1655 1134 1714 Effuttiretis
1164 1657 1340 1729 atque
1372 1653 1434 1712 id
1462 1671 1643 1730 porro
1670 1653 1867 1728 aliqua
1894 1655 2043 1712 uxor
2070 1671 2206 1711 mea
2232 1657 2591 1714 rescisceret.

661 1756 758 1813 So,
790 1755 951 1812 Istoc
980 1753 1082 1828 pol
1110 1770 1218 1810 nos
1248 1760 1307 1809 te
1337 1750 1434 1809 hic
1463 1750 1725 1810 inuenire
1757 1753 2004 1810 miserae
2033 1769 2359 1826 numquam
2385 1753 2699 1827 potuimus.
2926 1781 2988 1812 20

646 1854 765 1911 ΕΗ.
796 1851 930 1910 Eho
972 1849 1070 1908 dic
1114 1849 1276 1922 mihi,
1314 1849 1458 1924 quid
1501 1851 1584 1906 rei
1626 1848 1789 1908 tibist
1830 1867 1969 1906 cum
2012 1848 2229 1907 familia
2273 1848 2385 1907 hac
2421 1850 2728 1928 (pointing
2763 1858 2820 1909 to

1276 1947 1618 2005 DEMIPHO’S
1646 1945 1854 2023 house)
1892 1945 2052 2004 unde
2085 1947 2251 2005 exis?

789 2046 907 2106 Vbi
927 2045 1060 2103 illae
1083 2046 1259 2104 sunt?
1333 2045 1431 2104 So,
1465 2042 1752 2122 (seghing)
1786 2044 2071 2103 Miseram
2092 2063 2192 2103 me
2218 2047 2231 2104 Ξ
2313 2046 2429 2105 ΕΗ.
2462 2045 2559 2123 (in
2580 2045 2811 2124 alam)

1274 2143 1456 2214 Hem,
1486 2141 1631 2216 quid
1664 2143 1797 2200 est?
1837 2141 2163 2214 uiubnme?
2242 2143 2339 2202 So,
2382 2143 2543 2201 Viuit
2569 2145 2763 2219 gnata.

471 2241 588 2300 750
793 2243 1049 2299 Matrem
1077 2245 1267 2316 ipsam
1295 2257 1370 2297 ex
1399 2239 1769 2315 aegritudine
1800 2239 1912 2298 hac
1943 2239 2219 2300 miseram
2248 2259 2405 2300 mors
2427 2244 2819 2300 consecutast.

647 2340 1038 2418 Cu.q(caolly)
1093 2338 1254 2396 Male
1306 2338 1546 2396 factum.
1635 2339 1733 2397 So,
1788 2340 1919 2414 Ego
1968 2348 2185 2412 autem,
2236 2356 2388 2414 quae
2437 2340 2629 2398 essem
2676 2357 2822 2398 anus

1271 2434 1508 2495 deserta
1539 2454 1718 2512 egens
1749 2435 1969 2512 ignota,

791 2535 871 2592 Vt
897 2535 1065 2608 potui
1093 2543 1342 2608 nuptum
1376 2534 1665 2609 uirginem
1698 2533 1891 2592 locaui
1919 2533 2058 2591 huic
2086 2531 2470 2608 adulescenti,
2926 2563 2981 2608 25

794 2633 1026 2690 Harum
1091 2629 1400 2708 (pointing
1452 2639 1508 2690 to
1569 2632 1877 2690 DEMIPHO’
1880 2648 1909 2690 s
1968 2630 2178 2709 house)
2241 2631 2344 2706 qui
2400 2641 2488 2690 est
2545 2631 2821 2690 dominus

1271 2727 1528 2788 aedium.
1617 2730 1735 2788 ΕΗ.
1768 2728 2180 2804 Antiphonin?
2261 2730 2357 2788 So.
2389 2731 2523 2802 Em,
2546 2730 2672 2788 istic
2691 2730 2819 2804 ipsi.

647 2829 764 2888 ΕΗ.
802 2827 1117 2906 (amazed)
1156 2826 1360 2901 Quid?
1389 2825 1616 2886 duasne
1648 2846 1861 2888 uxores
1893 2827 2115 2888 habet?
2194 2829 2292 2888 So.
2331 2828 2811 2905 (deprecataengly)

1271 2927 1381 2998 Au,
1413 2926 1683 2999 obsecro,
1716 2929 1895 2985 unam
1926 2926 2022 2985 ille
2051 2925 2296 3002 quidem
2325 2925 2478 2984 hanc
2506 2925 2710 2985 sclam.

470 3024 588 3083 755
646 3025 761 3084 ΕΗ.
793 3022 956 3099 Quid
984 3023 1142 3082 illam
1171 3023 1414 3082 alteram
1447 3043 1598 3099 quae
1631 3024 1847 3083 dicitur
1874 3026 2170 3100 cognata?
2248 3025 2347 3084 So.
2392 3025 2566 3082 Haec
2604 3033 2818 3100 ergost.

1275 3123 1390 3182 ΕΗ.
1436 3122 1598 3196 Quid
1628 3126 1713 3182 a'is
1726 3124 1755 3181 Ρ

663 3222 760 3281 So.
791 3220 1143 3296 Compbsito
1176 3219 1465 3293 factumst,
1499 3223 1620 3296 qud
1652 3218 1837 3280 modo
1864 3219 2019 3279 hanc
2047 3222 2253 3282 amans
2281 3219 2502 3280 habere
2530 3221 2733 3295 pbsset

791 3319 928 3378 Sine
970 3318 1131 3378 dote.
1216 3319 1332 3377 ΕΗ.
1385 3317 1691 3395 (joyfully)
1744 3318 1825 3378 Di
1865 3320 2125 3378 uostrAm
2168 3316 2370 3393 fidem,
2412 3335 2592 3394 quam
2638 3318 2818 3392 saepe
2924 3343 2981 3389 30

1271 3416 1424 3474 forte
1451 3418 1676 3475 temere

793 3515 1088 3574 Eueniunt
1116 3532 1267 3590 quae
1296 3532 1418 3572 non
1447 3513 1670 3573 audeas
1699 3516 1905 3590 optare
1932 3517 1945 3572 !
1987 3513 2211 3572 offendi
2239 3512 2562 3572 adueniens

794 3613 1071 3694 Quocum
1099 3611 1378 3674 uolebam
1406 3619 1468 3674 et
1493 3612 1560 3676 (rt
1586 3610 1859 3676 uolebam
1890 3609 2265 3676 conlocatam
2284 3609 2535 3694 gndtam
2556 3632 2580 3676 .-
