3259 4134
591 279 656 332 38
1438 281 1839 332 ADELPHOE.
2074 280 2180 360 [IV
2200 293 2249 342 4,
2279 294 2461 346 14-27;
2506 293 2551 347 5,
2581 295 2623 341 1,
2647 294 2694 332 2.

833 447 1058 519 “Hern,
1116 439 1260 522 quid
1315 446 1464 504 istuc
1521 445 1830 517 obsecro”‚
1887 446 2145 520 inquam,
2190 449 2319 504 “est
2333 447 2395 504 ?'’
2461 445 2693 524 ‘ualeas,

1475 543 1695 602 habeas
1722 542 1880 600 illam
1908 544 2061 617 quae
2091 542 2324 618 placet.’

594 656 641 695 15
835 640 1000 700 Sensi
1029 641 1165 700 ilico
1193 640 1256 698 id
1283 640 1410 699 illas
1437 637 1737 716 snspicari,
1767 639 1874 698 sed
1904 659 2000 698 me
2029 639 2383 716 reprehendi
2410 649 2627 712 tamen,

834 741 891 798 N
895 738 1074 814 equid
1103 738 1179 797 de
1209 739 1379 796 fratre
1408 739 1670 815 germiae
1700 738 1780 795 illi
1808 737 2071 797 dicerem
2100 757 2171 796 ac
2200 738 2367 796 fieret
2395 737 2609 814 palam.
2762 799 2769 804 ,

834 838 891 895 N
895 840 1011 897 (mc
1040 835 1185 913 quid
1208 836 1421 895 faciam
1436 837 1464 894 Ρ
1504 835 1703 894 dicam
1722 836 1909 894 fratris
1930 837 2058 894 esse
2088 835 2283 894 hanc?
2310 833 2475 910 quod
2502 835 2690 893 minu·
2727 823 2733 828 ’

965 995 968 1001 ,
1327 951 1332 956 ·
1475 935 1629 992 mest
1669 951 1819 1009 opus
2575 935 2686 1009 625

831 1015 1099 1106 Vsquom
1155 1031 1380 1090 ecferri.
1464 1050 1535 1089 ac
1591 1035 1800 1090 mitto:
1865 1031 1991 1088 fieri
2045 1030 2201 1106 potis
2249 1039 2340 1089 est
2385 1038 2452 1088 ut
2496 1047 2693 1104 nequa

1475 1130 1683 1186 exeat:

834 1205 1038 1300 fpsum
1068 1224 1131 1283 id
1161 1235 1362 1284 metuo
1384 1235 1449 1284 ut
1477 1225 1763 1298 credant,
1806 1233 1895 1283 tot
1916 1227 2272 1283 concfirrunt
2292 1225 2416 1284 ueri
2444 1224 2689 1283 similia:

591 1339 640 1377 20
777 1359 782 1365 -
835 1308 1094 1398 Egomet
1147 1323 1313 1398 rapui
1334 1344 1352 1396 3
1409 1323 1534 1398 ipse
1578 1325 1817 1398 egomet
1872 1322 2019 1381 solui
2062 1325 2373 1402 argentum·
2387 1342 2406 1395 3
2462 1320 2540 1380 ad
2593 1339 2692 1380 me

1473 1419 1789 1479 abductast
1816 1419 2082 1478 domum.

836 1519 1008 1577 Haec
1051 1516 1203 1576 adeo
1247 1535 1381 1575 mea
1408 1518 1584 1593 cnlpa
1612 1518 1798 1576 fateor
1840 1518 1870 1575 f
1871 1517 1992 1575 ieri.
2076 1535 2199 1577 non
2240 1535 2336 1576 me
2371 1517 2524 1575 hanc
2565 1519 2691 1575 rem

1474 1615 1643 1691 patri,

830 1696 912 1771 Vt
959 1722 1023 1771 ut
1067 1722 1191 1771 erat
1234 1722 1416 1788 gesta,
1455 1710 1789 1771 indicasse!
1848 1717 2181 1772 exorassem
2223 1721 2289 1778 ut
2328 1729 2461 1770 eam
2511 1710 2689 1770 dfice·

1475 1828 1619 1868 rem.
2574 1813 2694 1884 630
2740 1879 2745 1884 ἡ

705 1944 712 1954 ·
832 1907 1142 1966 Cessatum
1197 1924 1383 1981 usque
1439 1905 1635 1966 adht'ic
1702 1916 1827 1966 est:
1898 1925 2057 1965 nunc
2125 1924 2323 1982 porro,
2376 1905 2689 1978 Aeschine,

1476 2007 1882 2080 expergiscere
1910 2007 1921 2063 !

835 2103 1011 2160 Ntmc
1039 2100 1156 2159 hoc
1183 2101 1530 2177 primumst:
1575 2100 1653 2159 ad
1683 2102 1808 2160 illas
1838 2102 1957 2174 ibo,
1974 2111 2039 2160 ut
2059 2105 2305 2178 pergem
2334 2120 2451 2160 me.
2522 2119 2691 2159 acce-

1477 2197 1618 2256 dam
1663 2197 1742 2256 aid
1793 2198 1929 2258 foris
1966 2199 2131 2276 (goes
2175 2207 2229 2256 to
2268 2200 2417 2256 door
2452 2198 2525 2273 qf
2558 2199 2691 2257 Sos-

1474 2297 1717 2355 TRATA’S
1745 2293 1982 2372 house).

591 2411 640 2449 25
837 2393 1028 2467 Perii3
1097 2393 1374 2453 horresco
1421 2395 1676 2469 semper,
1731 2392 2007 2472 (knocks)
2071 2394 2172 2453 ubi
2226 2395 2450 2470 pultere
2515 2393 2690 2452 hasce

1473 2491 1714 2566 occipio
1742 2491 1937 2550 miser.

835 2590 1006 2646 Hetis
1048 2588 1229 2647 heus:
1274 2588 1604 2647 Aeschines
1648 2607 1761 2665 ego
1803 2607 1952 2648 sum.
2034 2588 2257 2664 aperite
2292 2587 2497 2663 §liquis
2530 2597 2691 2646 actu-

1476 2696 1600 2746 tum
1629 2687 1867 2746 ostium.

841 2783 990 2860 (sees
1032 2783 1168 2842 that
1199 2803 1354 2842 some
1396 2804 1504 2842 one
1544 2786 1596 2843 is
1638 2786 1870 2858 coming
1905 2791 2023 2856 out,
2054 2785 2188 2847 and
2221 2783 2451 2859 redires)
2491 2782 2693 2842 Prodit

1475 2881 1679 2940 nescio
1707 2884 1835 2957 quis
1859 2903 1872 2943 z
1918 2879 2249 2940 concedam
2277 2881 2410 2939 huc.

915 3139 1105 3198 Mrc1o
1142 3137 1434 3217 (SENEX).
1516 3140 1857 3198 AEscvas
1894 3139 2372 3218 (ADVLESCENS).

768 3302 835 3359 E
837 3310 971 3360 nter
1010 3304 1199 3362 Mlclo
1221 3301 1393 3377 from
1425 3303 1794 3376 SOSTRATA’S,
1827 3303 2053 3379 talking
2076 3311 2132 3362 to
2158 3304 2270 3362 her
2290 3303 2522 3362 within.
2594 3387 2601 3394 ·

1299 3465 1422 3524 'ML
1468 3440 1562 3524 ita
1586 3465 1673 3524 uti
1702 3464 1842 3538 dixi,
1872 3465 2149 3538 Sostrata,
2573 3466 2687 3541 635
3234 3358 3256 3434 ι

597 3563 679 3618 IV
838 3562 1039 3620 Facite
1060 3583 1078 3635 3
1122 3579 1235 3637 ego
1264 3563 1624 3622 Aeschinem
1664 3563 2035 3636 conueniam,
2065 3573 2131 3622 ut
2172 3567 2293 3638 quo
2334 3561 2519 3622 modo
2560 3570 2695 3622 acta

614 3674 646 3734 5
1445 3662 1623 3720 -baec
1653 3664 1768 3719 sint
1796 3661 1942 3719 sciat
1978 3660 2161 3739 (door
2196 3663 2247 3722 is
2287 3663 2481 3721 closed
2512 3679 2583 3721 as
2620 3661 2693 3720 he

1475 3765 1647 3815 turns
1656 3757 1829 3830 from
1860 3759 1955 3817 the
1980 3759 2215 3831 house).
