3259 4134
333 183 400 233 40
452 255 459 259 ¹
1406 181 1767 232 PHORMJO.
1872 159 1885 166 “
2600 182 2839 249 [iv.3.11-

655 363 886 439 Inueni,
916 364 1147 440 opinor,
1175 362 1506 423 remedium
1534 362 1671 421 huic
1700 363 1804 422 rei.
1888 364 2007 423 CH.
2050 361 2232 439 Quid,
2260 366 2460 425 Geta?

509 463 627 521 DE.
660 461 840 536 Quod
869 438 1438 555 mmmmm-4012.
1478 463 1559 519 vt
1586 460 1707 521 abii
1732 461 1839 520 ahs
1863 471 1946 534 te,
1974 462 2040 520 fit
2068 462 2216 521 forte
2244 464 2485 523 obuiam

656 559 809 618 Mihi
838 559 1136 619 Phormio·
1207 559 1324 618 CH.
1366 559 1487 634 Qui
1515 559 1839 618 Phormio?
1906 560 2022 619 DE.
2063 561 2123 618 Is
2150 561 2253 636 qui
2280 559 2489 620 istane.
2558 561 2676 622 CH.

1135 657 1290 718 Scio.

512 757 623 815 GE.
650 755 915 815 Visumst
943 756 1043 829 mi,
1072 765 1138 814 ut
1165 755 1290 814 eius
1318 757 1676 831 temptarem
1704 755 2078 814 sententiam.

333 852 452 912 620
656 853 890 912 Prendo
919 853 1224 913 hominem
1253 852 1478 912 solum:
1526 857 1542 885 ‘
1560 857 1712 927 quor
1739 855 1897 926 non,’
1931 853 2191 928 inquam,
2220 857 2237 884 ‘
2259 853 2557 928 Phormi0,

652 951 854 1024 Vides,
884 951 1036 1009 inter
1061 969 1171 1009 nos
1201 954 1285 1009 sle
1313 950 1463 1008 haec
1489 951 1686 1026 potius
1714 954 1853 1009 cum
1882 951 2041 1010 bona

653 1051 734 1107 Vt
761 1053 1188 1125 componamus
1216 1048 1402 1124 gratia
1428 1066 1608 1123 quam
1638 1051 1776 1106 cum
1805 1048 2000 1107 mala?

655 1148 806 1206 Erus
835 1146 1084 1206 liberalis
1113 1149 1203 1204 est
1232 1156 1292 1205 et
1319 1146 1571 1222 fugitans
1600 1145 1787 1204 litium
1806 1167 1826 1220 3

657 1245 815 1302 Nam
843 1243 1026 1303 ceteri
1054 1243 1300 1318 quidem
1329 1243 1527 1302 hercle
1557 1243 1735 1301 amici
1764 1246 1971 1302 omnes
2001 1242 2185 1303 modo

333 1339 452 1400 625
652 1342 786 1399 Vno
815 1344 917 1399 ore
947 1350 1215 1400 auctores
1248 1341 1428 1414 fuere,
1457 1351 1523 1399 ut
1550 1341 1937 1416 praecipitem
1964 1341 2117 1399 hanc
2144 1341 2352 1400 dai-et.²

509 1441 623 1498 AN.
661 1437 884 1517 (aside)
923 1438 1086 1512 Quid
1115 1435 1213 1496 hic
1240 1441 1482 1514 coeptat
1508 1447 1610 1496 aut
1638 1455 1760 1513 quo
1800 1437 2015 1497 euadet
2057 1438 2280 1496 hodie?
2359 1440 2473 1499 GE.
2512 1439 2675 1516 (con-

1137 1537 1373 1612 tinuing
1389 1537 1482 1594 the
1489 1537 1821 1612 pretended
1832 1534 2269 1612 conversation)
2300 1539 2316 1567 ‘
2332 1539 2425 1594 An
2452 1536 2677 1613 legibus

654 1636 948 1692 Daturum
975 1651 1200 1709 poenas
1229 1632 1411 1706 dices,
1442 1633 1490 1690 si
1517 1632 1677 1691 illam
1708 1633 1989 1692 eiecerit?

657 1732 785 1789 Iam
814 1731 877 1790 id
907 1731 1330 1806 exploratumst
1355 1752 1367 1788 :
1413 1730 1564 1803 heia,
1594 1730 1833 1789 sudabis
1860 1731 2019 1803 satiS‚

653 1829 712 1888 Si
741 1847 876 1886 cum
907 1827 1008 1886 illo
1035 1828 1302 1904 inceptas
1331 1827 1610 1888 homine:
1659 1845 1731 1886 ea
1758 1827 2167 1902 eloquentiast.

331 1925 450 1986 630
651 1927 871 1985 Verum
901 1943 1064 2001 pono
1095 1943 1222 1984 esse
1249 1928 1474 1985 uictum
1503 1943 1680 1998 eum3
1724 1934 1785 1984 at
1812 1925 2054 1984 tandem
2082 1935 2284 1984 tamen

655 2025 795 2083 Non
824 2023 1033 2099 capitis
1062 2023 1118 2081 ei
1146 2041 1238 2082 res
1267 2023 1470 2099 agitur,
1502 2023 1609 2082 sed
1638 2022 1966 2099 pecuniae!

654 2123 972 2196 Postquam
1002 2120 1304 2180 hominem
1335 2121 1425 2180 his
1452 2121 1649 2181 uerbis
1678 2119 1868 2180 sentio
1899 2119 2191 2194 mollirier,

651 2222 667 2250 ‘
687 2219 806 2278 Soli
835 2237 1033 2276 sumus
1061 2236 1218 2276 nunc
1247 2218 1344 2275 hic
1364 2219 1378 2246 '
1409 2221 1649 2294 inquam
1674 2240 1686 2277 :
1732 2222 1749 2249 ‘
1769 2219 1903 2292 eho,
1933 2218 2032 2276 dic
2060 2218 2205 2294 quid
2233 2222 2320 2278 uis
2348 2217 2475 2277 dari

648 2317 787 2375 Tibi
814 2319 875 2374 ln
903 2333 1162 2389 manum,
1193 2325 1257 2374 ut
1287 2334 1418 2375 erus
1446 2317 1534 2375 his
1564 2315 1811 2376 desistat
1837 2316 2053 2390 litibus,
2549 2311 2556 2320 '

329 2411 449 2472 635
651 2415 825 2472 Haec
853 2413 990 2472 hinc
1019 2414 1288 2486 facessat,
1319 2416 1380 2472 τύ
1412 2414 1693 2472 molestus
1722 2415 1797 2472 ne
1826 2414 1984 2472 sies?
2002 2416 2015 2442 ⁹

504 2513 616 2570 AN.
656 2509 868 2587 (aside,
901 2513 966 2569 in
1009 2508 1404 2587 amazement)
1444 2511 1606 2570 Satin
1648 2511 1727 2570 ssli
1770 2510 1832 2569 di
1874 2520 2009 2569 sunt
2048 2511 2330 2587 propitii?
2409 2511 2523 2570 GE.
2574 2512 2676 2590 (as

1129 2607 1350 2684 before)
1391 2613 1406 2642 ‘
1425 2610 1582 2667 Nam
1612 2611 1701 2667 sat
1728 2610 1870 2680 sci0,
2172 2603 2177 2608 ’

648 2707 708 2766 Si
735 2717 797 2765 tu
827 2706 1081 2781 aliquam
1111 2715 1339 2781 partem
1369 2709 1544 2781 aequi
1572 2707 1833 2782 bonique
1863 2707 2097 2778 dixeriS,

646 2806 727 2862 Vt
755 2813 844 2862 est
872 2803 966 2862 ille
996 2804 1183 2863 bonus
1211 2803 1318 2877 uir,
1353 2807 1463 2862 tria
1489 2821 1612 2862 non
1640 2804 2083 2862 commutabitis

643 2902 842 2961 Verba
869 2900 1049 2960 hedie
1079 2902 1232 2960 inter
1259 2904 1406 2961 uos)
1494 2904 1609 2960 DE.
1656 2902 1801 2976 Quis
1830 2911 1891 2959 te
1919 2902 2101 2960 istaec
2129 2902 2292 2960 iussit
2321 2889 2525 2976 loqui?

325 2997 442 3055 640
497 2999 613 3057 CH.
647 3000 843 3057 Immo
869 3017 990 3056 non
1020 2999 1211 3074 potuit
1242 3000 1448 3058 melius
1477 3000 1838 3075 peruenit-ier
2195 2995 2200 3000 ’

645 3097 739 3154 Eo
768 3100 888 3171 quo
916 3115 1024 3155 nos
1054 3096 1342 3156 uolumuS.
1427 3099 1539 3155 AN.
1579 3097 1789 3174 (aside,
1823 3097 1887 3154 in
1918 3094 2183 3172 despair)
2214 3080 2431 3156 Occidi
2457 3099 2469 3153 ἔ
2555 3098 2665 3154 ΒΕ.

1127 3196 1312 3270 Perge
1343 3193 1555 3270 eloqui.

499 3291 612 3350 GE.
641 3293 694 3349 A
723 3294 916 3366 primo
945 3291 1127 3350 homo
1158 3291 1468 3350 insanibat.
1553 3292 1670 3350 CH.
1715 3289 1887 3350 Cedo
1916 3290 2060 3366 quid
2090 3292 2389 3366 postulat?

498 3388 612 3447 GE.
644 3388 848 3462 Quid?
887 3387 1133 3446 nimium
1164 3398 1466 3463 quantum.
1548 3389 1665 3447 CH.
1716 3388 2064 3462 Qudntum?
2105 3387 2222 3447 die.
2302 3389 2414 3447 GE.
2455 3387 2514 3447 Si
2542 3390 2694 3468 quis·

1121 3484 1292 3545 daret

2784 879 2835 928 15

2782 1951 2835 2000 25

2779 2441 2836 2486 30

2778 3025 2829 3072 35
