3259 4134
378 316 648 382 iij.1.102.]
1129 317 1286 367 HEA
1304 315 1516 368 VTON
1563 316 1804 366 TJMOR
1819 316 2136 368 VMENos.
2354 240 2495 402 χ
2510 337 2526 361 1
2603 365 2625 377 ,,
2643 250 2920 420 *532³
2967 243 3011 294 ἰ
3045 302 3070 339 ”

381 523 432 574 75

377 1004 438 1050 80

382 2773 474 2822 95-

389 3262 473 3294 100

709 496 928 578 [Quod
956 497 1214 574 quoique
1244 515 1547 574 quomque
1577 497 1852 560 inciderit
1882 499 1945 558 in
1972 510 2255 574 mentem,
2282 501 2466 576 uolet,

704 597 916 671 Neque
946 594 1012 654 id
1040 594 1270 671 putabit
1301 613 1550 671 prauom
1580 615 1658 656 an
1688 606 1915 656 rectum
1944 598 2054 658 sit:
2100 598 2317 678 petet]
2773 599 2892 660 485

699 695 794 754 Tu
820 696 946 752 rem
974 693 1164 769 perire
1195 701 1256 752 et
1285 696 1479 769 ipsum
1507 712 1632 754 non
1659 698 1883 770 poteris
1911 696 2071 772 pati:

702 794 863 853 Dare
889 790 1233 868 denegaris:
1277 791 1386 851 ibit
1411 790 1492 852 ad
1520 791 1665 852 illud
1692 793 1847 866 ilico,

701 890 840 965 Quo
869 892 1140 950 maxume
1171 889 1334 968 apud
1363 901 1422 950 te
1453 892 1517 950 se
1551 890 1749 949 ualere
1782 890 2031 952 sentiet:

702 988 1014 1050 Abitt'irum
1041 1007 1106 1050 se
1133 989 1241 1050 abs
1271 997 1330 1048 te
1361 1007 1492 1048 esse
1522 987 1660 1049 ilico
1692 989 2026 1050 minabitur.

541 1088 668 1146 ΜΕ.
703 1085 1148 1166 (thoughffully)
1186 1087 1404 1148 Videre
1435 1105 1580 1147 uera
1611 1096 1791 1162 atque
1822 1090 1903 1145 ita
1930 1087 2016 1146 uti
2044 1105 2137 1148 res
2164 1098 2255 1146 est
2282 1088 2503 1149 dicere.
2774 1089 2893 1148 490

542 1185 660 1248 Cn.
699 1185 984 1246 Somnum
1012 1185 1212 1244 hercle
1241 1203 1355 1262 ego
1384 1185 1497 1244 hac
1526 1195 1706 1244 nocte
1734 1184 1921 1245 oculis
1948 1204 2070 1244 non
2096 1185 2220 1245 uidi
2246 1187 2410 1260 meis,

703 1283 866 1342 Dum
894 1281 958 1341 id
985 1285 1224 1358 quaero,
1257 1283 1364 1342 tibi
1393 1283 1494 1358 qui
1526 1282 1713 1342 filiurn
1744 1286 2131 1343 restituerem.

543 1381 671 1440 ΜΕ.
713 1378 1072 1458 (gratefully,
1103 1379 1347 1456 holding
1369 1389 1477 1440 out
1501 1382 1596 1439 his
1624 1380 1839 1458 hand)
1879 1379 2051 1440 Cedo
2080 1379 2387 1440 dextram:
2435 1399 2613 1457 porro
2642 1385 2700 1440 te
2730 1380 2892 1440 idern

1145 1496 1254 1537 oro
1281 1487 1348 1537 nt
1377 1477 1576 1552 facia&
1605 1477 1916 1538 ChremeS.

545 1577 664 1635 CH.
712 1574 1022 1653 (grasping
1043 1575 1138 1635 his
1163 1574 1375 1653 hand)
1413 1577 1655 1636 Paratus
1682 1594 1833 1636 sum.
1915 1577 2043 1636 ΜΕ.
2083 1576 2222 1636 Scin
2249 1576 2393 1652 quid
2421 1595 2579 1636 nunc
2608 1578 2804 1636 facere
2833 1580 2891 1636 te

659 1725 664 1732 .
953 1699 956 1702 ⁴
1145 1672 1328 1734 uolo?

543 1772 662 1831 CH.
701 1769 837 1830 Dic.
921 1771 1048 1830 ΜΕ.
1091 1769 1276 1845 Quod
1302 1769 1535 1830 sensisti
1562 1770 1693 1831 illos
1723 1789 1819 1830 me
1848 1771 2111 1848 incipere
2141 1772 2357 1845 finiere,
2772 1770 2893 1832 495

706 1866 782 1928 Id
809 1869 875 1928 fit
903 1877 1198 1928 maturent
1224 1869 1458 1930 faeere:
1503 1870 1683 1945 cupio
1710 1869 1793 1928 illi
1820 1868 1962 1928 dare

706 1965 890 2040 Quod
917 1966 1062 2040 uolt,
1091 1965 1272 2042 cupio
1301 1966 1494 2043 ipsum
1521 1967 1641 2026 iam
1668 1966 1895 2026 uidere.
1979 1967 2097 2026 CH.
2141 1967 2403 2043 Operlun
2433 1966 2611 2027 dabo,

709 2063 958 2124 Paulum
983 2063 1187 2140 negoti
1215 2063 1298 2122 mi
1326 2064 1558 2125 Obstat:
1604 2064 1797 2125 Simus
1825 2066 1887 2124 et
1915 2064 2083 2124 Crito

710 2161 905 2220 Vicini
931 2160 1117 2221 nostri
1147 2160 1243 2219 hic
1270 2161 1578 2238 ambigunt
1607 2162 1687 2221 de
1718 2161 1935 2221 finibus
1955 2183 1975 2236 ς

613 2276 620 2284 ·
675 2315 680 2320 .
707 2259 811 2320 Me
835 2260 1058 2335 cepere
1087 2258 1404 2319 arbitrum:
1449 2259 1550 2319 ibo
1577 2265 1651 2318 ac
1679 2259 1898 2333 dicam,
1924 2270 1989 2318 ut
2018 2259 2284 2319 dixeram
2772 2259 2895 2319 500

709 2357 972 2433 Operam
1001 2355 1276 2415 daturum
1305 2375 1419 2431 me,
1450 2357 1632 2417 hodie
1662 2376 1783 2417 non
1811 2375 1987 2433 posse
2018 2361 2100 2416 eis
2128 2356 2289 2416 dare.

707 2455 1009 2515 Continuo
1050 2453 1423 2524 hic.adsum.
1507 2456 1632 2513 ΜΕ.
1679 2456 1772 2514 Ita
1812 2457 2054 2530 quaeso·
2148 2455 2475 2531 (CHREMES
2518 2476 2652 2531 goes
2700 2456 2794 2532 off
2834 2473 2893 2515 R.

1148 2552 1542 2613 ΜΕΝΕΒΕΜυε
1567 2552 1957 2629 soliloquizes)
1996 2551 2058 2610 di
2088 2554 2349 2610 uostrAm
2379 2551 2581 2624 fidem,

708 2650 803 2710 Ita
829 2652 1214 2724 conparatam
1244 2667 1372 2708 esse
1400 2649 1709 2709 heminum
1736 2657 2009 2707 naturam
2036 2647 2323 2721 omnium,

709 2747 919 2809 Aliena
943 2756 1010 2806 ut
1034 2746 1246 2806 ‚melius
1273 2745 1517 2806 uideant
1545 2755 1606 2806 et
1635 2745 1965 2807 diitidicent

707 2845 906 2920 Quam
933 2847 1040 2906 ssia
1065 2847 1078 2906 1
1119 2862 1198 2902 an
1225 2862 1300 2903 eo
1328 2843 1414 2918 fit,
1443 2847 1583 2920 quia
1609 2844 1671 2902 in
1698 2862 1762 2902 re
1792 2853 1990 2902 nostra
2017 2851 2118 2901 aut
2144 2842 2365 2918 gandio
2775 2841 2896 2901 505

709 2944 919 3003 Sumus
945 2940 1285 3019 praepediti
1312 2942 1498 3001 nimio
1527 2951 1628 3001 aut
1656 2940 2023 3017 aegritndine
2038 2941 2067 2999 ?

711 3039 834 3098 Hic
861 3039 1006 3098 mihi
1034 3056 1192 3100 nunc
1221 3047 1445 3114 quanto
1472 3039 1604 3116 plns
1633 3039 1787 3115 sapit
1815 3057 1993 3114 quam
2022 3041 2261 3114 egomet
2288 3037 2434 3097 mihi
2458 3041 2472 3098 1

550 3138 668 3197 Cu.
713 3135 1082 3216 (returning)
1122 3135 1385 3198 Dissolui
1413 3155 1530 3210 me,
1560 3137 1783 3196 otiosus
1813 3155 2053 3213 operam
2086 3145 2153 3195 ut
2180 3136 2286 3196 tibi
2316 3134 2540 3195 darem.

715 3235 888 3310 Syrus
917 3236 1007 3294 est
1033 3233 1417 3310 prendendus
1443 3236 1626 3310 atque
1654 3233 2058 3296 adhortandos
2089 3232 2251 3293 mihi.

720 3331 986 3409 (looking
1014 3333 1276 3391 towards
1308 3332 1403 3392 h'is
1435 3330 1610 3410 door)
1648 3333 1703 3392 A
1730 3333 1829 3390 me
1858 3331 2063 3391 nescio
2090 3330 2223 3407 quis
2251 3330 2407 3391 exit:
2453 3329 2721 3391 concede
2756 3331 2895 3389 hinc

928 3437 937 3443 '
1151 3427 1420 3503 domum,
2777 3426 2895 3486 510

707 3527 810 3608 Ne
840 3530 951 3588 nos
983 3526 1138 3586 inter
1168 3543 1280 3586 nos
1313 3529 1641 3603 congruere
1674 3528 1768 3586 illi
1800 3527 2075 3587 sentiant.

1734 3623 1929 3703 (Exit
1956 3626 2348 3684 MENEDEMUS
2383 3625 2509 3683 into
2535 3623 2630 3684 his
2655 3623 2885 3701 house.)
