3259 4134
272 293 506 362 iii.2.48.·]
1348 289 1713 340 PHORMIO.
2721 297 2785 351 27

271 501 326 552 ²⁵
452 476 567 536 Gn.
597 475 940 550 Perginero
964 469 1198 532 ‚absenti
1225 471 1382 530 male
1407 471 1591 547 loqui,
1619 470 2012 548 inpurissume
2027 473 2055 531 Ρ
2096 493 2103 500 ·

456 576 568 634 ΡΗ.
597 573 860 649 Dignum
901 572 1102 629 autem
1143 568 1260 628 hoc
1309 568 1483 628 illost.
1567 569 1684 628 GE.
1734 569 1895 646 (ako
1924 567 2204 646 seaegm'ng
2246 572 2459 651 anger)
2508 577 2625 634 Ain

1074 676 1288 740 tamen,
1317 667 1560 724 carcer?
1640 667 1755 725 ΒΕ.
1794 665 1970 743 (calls
1999 666 2157 743 him)
2198 668 2390 728 Geta!

450 772 564 832 GE.
601 768 692 848 (to
747 770 1049 841 Pnonmo,
1083 765 1441 843 pretending
1485 771 1592 822 not
1642 771 1699 822 to
1748 763 1926 841 hear)
1989 765 2289 824 Bonorum
2341 779 2623 845 extortor,

1075 865 1274 941 legum
1301 864 1644 922 contortor!
1729 863 1846 920 ΒΕ.
1886 862 2082 941 (more
2108 867 2334 944 loudly)
2372 869 2565 927 Geta!

456 967 566 1025 ΡΗ.
605 964 701 1045 (in
727 983 769 1022 a
796 964 1058 1040 wlu‘sper
1091 971 1147 1021 to
1189 960 1391 1039 GETA)
1432 959 1779 1037 Responde.
1817 1029 1821 1032 ,
1864 963 1979 1022 GE.
2020 964 2301 1042 (turning
2333 966 2615 1045 around)
2664 965 2785 1026 375

1080 1060 1228 1135 Quis
1273 1060 1551 1119 homost?
1605 1059 1801 1119 ehem.
1890 1063 2005 1120 ΒΕ.
2058 1062 2148 1140 (to
2189 1061 2391 1140 Gnm)
2440 1064 2621 1122 Tace.

1079 1159 1193 1220 GE.
1232 1157 1321 1234 (to
1349 1157 1670 1233 DEMIPHO)
1712 1159 1959 1220 Absenti
1988 1159 2095 1220 tibi

591 1257 683 1318 Te
711 1257 984 1334 indignas
1011 1273 1192 1332 seque
1220 1255 1426 1331 dignas
1454 1257 1845 1315 contumelias

271 1383 330 1430 30
597 1356 938 1430 Numquam
967 1354 1218 1413 cessauit
1245 1354 1445 1413 dicere
1478 1354 1677 1413 hodie.
1764 1356 1879 1414 DE.
1921 1354 2010 1430 (to
2040 1353 2241 1431 Gmu)
2278 1355 2521 1414 Desine.

599 1453 686 1533 (to
708 1449 1019 1528 Pnommo)
1043 1451 1427 1524 AdulescenS‚
1453 1453 1710 1528 primum
1734 1453 1839 1512 abs
1860 1462 1921 1510 te
1943 1452 2058 1512 hoc
2080 1452 2239 1513 bona
2259 1454 2434 1512 uenia
2460 1463 2622 1530 peto,

595 1551 655 1610 Si
682 1549 788 1610 tibi
815 1550 1053 1626 placere
1080 1549 1236 1625 potis
1265 1558 1372 1621 est,
1404 1550 1486 1608 mi
1511 1558 1578 1609 ut
1607 1549 2004 1626 respondeas:

597 1648 794 1722 Quem
823 1651 1081 1706 amicum
1109 1656 1275 1706 tuom
1303 1650 1388 1706 ais
1417 1648 1592 1706 fuisse
1622 1647 1819 1720 istum,
1849 1648 2101 1723 explana
2130 1648 2293 1721 mihi,
2664 1646 2783 1706 380

599 1747 677 1804 Et
704 1749 806 1821 qui
833 1754 1152 1821 cognatum
1181 1746 1278 1804 me
1308 1745 1418 1804 sibi
1443 1763 1572 1804 esse
1601 1745 1849 1804 diceret.

275 1877 334 1924 35
462 1845 570 1903 ΡΗ.
601 1843 856 1902 Proinde
905 1842 1209 1918 expiscare
1264 1842 1432 1918 quasi
1479 1860 1602 1902 non
1654 1861 1875 1902 nosses,
1958 1843 2077 1902 ΒΕ.
2130 1844 2430 1904 Nossem?
2510 1844 2621 1902 ΡΗ.

1087 1940 1264 2016 (with
1291 1959 1332 1998 a
1362 1942 1488 1998 nod
1496 1940 1522 2019 )
1563 1941 1675 1998 Ita.

453 2039 570 2098 ΒΕ.
601 2039 856 2114 Εςοωέ
886 2055 1039 2114 nego
1064 2058 1076 2094 :
1123 2047 1186 2095 tu
1214 2039 1322 2112 qul·
1343 2040 1428 2096 ai's
1457 2036 1660 2114 redige
1691 2037 1752 2095 in
1782 2037 2149 2097 memoriam.

458 2137 566 2194 ΡΗ.
598 2134 733 2193 Eho
761 2138 845 2207 tu,
875 2134 1175 2194 sobrinum
1205 2138 1372 2194 tuom
1401 2153 1522 2192 non
1551 2137 1768 2193 noras?
1850 2137 1965 2194 DE.
2004 2133 2297 2214 (angnly)
2336 2120 2572 2194 Enicas,
2726 2171 2729 2174 ·

598 2232 713 2290 Dic
742 2235 977 2290 nomen.
1067 2233 1175 2290 ΡΗ.
1214 2232 1584 2310 (hesitating)
1628 2233 1911 2310 Nomen?
1938 2234 2231 2291 maxume.
2315 2234 2430 2291 ΒΕ.
2461 2231 2624 2306 Quid
2663 2231 2785 2291 385

1076 2331 1236 2388 nunc
1264 2339 1427 2388 taces
1443 2331 1470 2387 ?

459 2429 564 2486 ΡΗ.
605 2426 803 2506 (astde
843 2435 900 2485 to
941 2427 1144 2501 GErA)
1188 2427 1340 2485 Perii
1383 2426 1600 2500 hercle,
1644 2445 1864 2486 nomen
1906 2426 2160 2504 perdidi.
2246 2429 2360 2486 ΒΕ.
2401 2427 2620 2504 (tmpa-

1079 2524 1306 2599 tiently)
1349 2524 1582 2604 [Hem]
1619 2525 1783 2600 Quid
1812 2517 1938 2584 ais?
2020 2528 2130 2584 ΡΗ.
2170 2524 2397 2602 (astde)
2433 2527 2605 2598 Geta,

269 2649 333 2695 40
596 2622 656 2681 Si
685 2621 1002 2680 meministi
1029 2620 1094 2680 id
1122 2621 1287 2696 quod
1315 2622 1455 2680 olim
1501 2621 1803 2694 dictumst,
1834 2622 2055 2682 subice.
2149 2622 2369 2700 (aloud
2402 2630 2459 2680 to
2501 2624 2622 2680 ΒΕ-

1080 2717 1302 2795 ΜῙΡΗΟ)
1340 2719 1497 2793 hem,

597 2817 739 2875 Non
765 2816 940 2877 dico:
986 2816 1152 2891 quasi
1177 2834 1300 2874 -non
1329 2820 1553 2890 nosseS,
1585 2827 1941 2894 temptatum
1971 2816 2234 2877 aduenis,

453 2915 569 2973 ΒΕ.
600 2915 730 2990 Ego
759 2917 958 2973 autem
997 2915 1269 2989 tempto?
1338 2915 1449 2973 GE.
1483 2916 1785 2992 (prompts
1826 2913 1983 2990 him)
2021 2915 2221 2992 Stilpo.
2306 2917 2416 2975 ΡΗ.
2450 2915 2621 2995 (with

1106 3031 1190 3070 an
1220 3013 1324 3070 air
1347 3012 1422 3086 qs
1439 3013 1840 3090 indzfference)
1872 3015 2067 3088 Atque
2096 3011 2251 3071 adeo
2279 3012 2423 3088 quid
2452 3015 2624 3071 mea?

598 3109 852 3186 Stilpost.
936 3110 1050 3168 ΒΕ.
1095 3109 1292 3184 Quem
1323 3109 1512 3169 dixti?
1594 3113 1700 3170 ΡΗ.
1748 3112 2070 3188 Stilponem
2094 3112 2334 3187 inquam
2356 3115 2623 3170 noueraS.
2664 3109 2784 3169 390

454 3207 568 3265 ΒΕ.
602 3207 817 3282 Neque
846 3208 958 3282 ego
987 3207 1148 3265 illum
1179 3226 1384 3266 noram
1413 3211 1606 3283 neque
1637 3209 1717 3266 mi
1745 3211 2032 3283 cognatus
2063 3209 2170 3269 fuit

272 3329 330 3378 45
486 3369 492 3374 ,
602 3304 928 3380 Quisquam
957 3308 1105 3365 istoc
1134 3306 1395 3365 nomine.
1481 3291 1848 3364 Pu.1tane?
1887 3325 2009 3365 non
2039 3316 2099 3364 te
2128 3307 2341 3366 horum
2370 3306 2600 3384 pudet?

598 3403 677 3460 At
705 3405 754 3460 sl
782 3403 1066 3462 talentum
1096 3405 1221 3462 rem
1251 3403 1580 3478 reliquisset
1605 3403 1841 3475 decem,

451 3499 568 3558 ΒΕ.
606 3498 897 3576 (angrily)
937 3500 1015 3559 Di
1043 3500 1150 3560 tibi
1178 3500 1590 3560 malefaciant!
1676 3502 1786 3559 ΡΗ.
1829 3504 2051 3577 primus
2080 3519 2238 3561 esses
2268 3502 2611 3561 memoriter

601 3597 950 3672 Progeniem
977 3608 1235 3657 nostram
1263 3615 1448 3673 usque
1477 3598 1555 3658 ab
1581 3616 1697 3656 auo
1727 3608 1904 3674 atque
1933 3607 2112 3658 atauo
2140 3599 2467 3674 proferens,
2664 3597 2784 3656 395
