3259 4134
428 307 634 372 V.1.63.]
1175 305 1332 353 HEA
1350 305 1398 354 V
1401 305 1452 354 T
1453 304 1559 352 ΟΝ
1605 305 1657 352 T
1650 304 1753 352 [Μ
1754 304 1846 352 OR
1860 303 2177 352 VMENOS.
2864 303 2926 352 51

431 613 484 662 35

433 1684 487 1732 45

438 2755 491 2805 55

753 487 946 549 Clinia
970 486 1120 546 haec
1147 485 1275 546 fieri
1297 483 1585 546 uidebat?
1666 483 1793 544 ΜΕ.
1836 483 1999 560 Quid
2026 481 2130 544 ni?
2170 501 2407 544 mecum
2434 477 2553 546 ‘una
2580 483 2767 544 simul.

578 537 712 647 ἘΗ.
764 582 1214 663 (despairingly)
1253 584 1417 643 Filist
1443 583 1637 642 amica
1664 582 1948 642 Bacchis:
1994 582 2373 656 Menedeme,
2404 581 2616 641 decidi.

591 685 736 743 ΜΕ.
762 683 960 759 Quam
987 683 1071 742 ob
1101 680 1270 740 rem?
1348 681 1465 741 ΕΗ.
1509 682 1743 740 Decem
1769 679 2000 740 dierum
2027 679 2128 738 uix
2154 680 2237 738 mi
2266 689 2355 739 est
2383 673 2618 739 familia.

593 783 720 842 ΜΕ.
771 778 1140 859 (i‘romcally)
1206 777 1412 854 Quid?
1477 775 1663 838 istinc
1684 777 1859 838 times
1911 775 2077 854 quod
2130 777 2226 837 ille
2282 782 2527 854 operam
2582 776 2777 836 amico
2829 777 2934 836 dat

1020 925 1026 930 .
1205 894 1314 936 suo
1329 878 1358 936 ?
2815 873 2934 934 910

593 978 708 1038 ΕΗ.
753 978 954 1036 Immo
976 974 1143 1051 quod
1170 974 1413 1032 amicae.
1501 975 1628 1049 ΜΕ.
1670 974 1733 1034 Si
1758 972 1883 1032 dat.
1964 974 2083 1035 ΕΗ.
2126 976 2221 1032 An
2248 972 2496 1034 dubium
2524 975 2586 1034 id
2613 973 2816 1034 tibist?

753 1073 1210 1149 Quemquamne
1237 1072 1437 1131 animo
1465 1081 1590 1130 tam
1618 1068 1779 1130 comi
1806 1089 1935 1131 esse
1961 1081 2065 1130 aut
2088 1071 2209 1131 leni
2234 1081 2425 1148 putas,

759 1170 879 1246 Qui
906 1171 970 1230 se
997 1169 1241 1229 uidente
1269 1172 1522 1228 amicam
1549 1167 1807 1244 patiamr
1832 1187 1999 1228 suam
2042 1213 2057 1229 .
2103 1213 2118 1228 .
2149 1171 2178 1229 ?

593 1270 720 1328 ΜΕ.
770 1266 1140 1346 (ironic-alh)
1179 1264 1344 1342 Quid
1369 1270 1431 1326 ni
1445 1268 1474 1326 Ρ
1511 1283 1635 1342 quo
1658 1267 1845 1326 uerba
1870 1265 2097 1326 facilius
2125 1265 2343 1326 dentfir
2367 1267 2531 1327 mihi.

594 1367 711 1427 ΕΗ.
761 1364 988 1444 (sadly)
1027 1362 1281 1424 Derides
1309 1363 1542 1424 merito.
1625 1363 1771 1423 mihi
1796 1382 1955 1423 nunc
1980 1383 2097 1442 ego
2124 1367 2477 1425 suscenseo:
2818 1362 2937 1423 915

755 1460 938 1538 Quod
964 1465 1058 1524 res
1088 1461 1329 1535 dedere,
1356 1459 1460 1522 ubi
1486 1465 1727 1538 possem
1754 1465 2199 1539 persentiscere,

755 1560 838 1619 Ni
865 1561 1058 1619 essem
1085 1559 1233 1636 lapis
1259 1561 1272 1618 !
1313 1576 1468 1634 quae
1495 1558 1620 1618 uidi
1646 1562 1660 1619 Ξ
1701 1577 1813 1618 uae
1842 1559 2058 1620 misero
2085 1560 2229 1618 mihi
2254 1562 2269 1620 1

767 1650 1063 1736 Qrmt'ng
1081 1655 1298 1734 angry)
1335 1659 1415 1716 At
1439 1659 1516 1716 ne
1545 1655 1691 1716 illud
1718 1655 1879 1715 haud
1904 1657 2171 1730 imiltum,
2201 1657 2251 1716 si
2276 1657 2435 1731 uiuo,
2464 1659 2694 1717 ferent!

757 1755 915 1814 Nam
941 1753 1061 1814 iam
1103 1798 1120 1814 .
1165 1798 1180 1813 .
1223 1754 1350 1813 ΜΕ.
1393 1755 1536 1813 Non
1563 1763 1626 1813 tu
1656 1763 1715 1814 te
1745 1751 2035 1815 cohibes?
2070 1773 2195 1814 non
2214 1764 2281 1815 te
2309 1754 2594 1831 respicis?

762 1853 904 1912 Non
932 1851 1040 1911 tibi
1069 1869 1182 1928 ego
1210 1851 1466 1928 exempli
1493 1851 1632 1911 satis
1662 1869 1790 1911 sum
1807 1853 1836 1911 ?
1914 1851 2034 1913 ΕΗ.
2076 1853 2224 1911 Prae
2252 1851 2574 1926 iracfindia‚
2819 1851 2937 1910 920

757 1948 1139 2021 Menedeme,
1166 1966 1290 2008 non
1318 1966 1449 2008 sum
1477 1948 1641 2026 apfid
1670 1967 1787 2009 me.
1870 1951 2018 2009 ΜΕ-
2038 1951 2205 2009 Tene
2235 1948 2387 2009 istfl'c
2414 1949 2615 2026 ioqui!

757 2048 974 2106 Nonne
1005 2045 1070 2106 id
1099 2045 1456 2123 flagitiumst,
1485 2055 1546 2106 te
1561 2045 1702 2106 'aliis
1729 2046 2042 2107 consilitim
2070 2045 2233 2121 dare,

762 2143 928 2204 Foris
954 2146 1183 2221 sapere,
1213 2143 1321 2204 tibi
1345 2162 1469 2204 non
1495 2148 1672 2222 posse
1701 2153 1760 2204 te
1788 2144 2117 2204 auxiliatier
2130 2146 2159 2204 Ρ

599 2243 717 2302 ΕΗ.
766 2241 1219 2320 (despain'ngly)
1258 2240 1422 2317 Quid
1464 2240 1738 2313 faciam?
1799 2245 1924 2302 ΜΕ.
1963 2241 2263 2321 (enjoying
2284 2243 2378 2302 his
2405 2240 2824 2319 dtlecomfiture)
2864 2243 2939 2302 Id

1202 2339 1368 2416 quod
1396 2358 1494 2399 me
1521 2339 1731 2399 fecisse
1761 2340 1959 2399 aiebas
1986 2357 2215 2417 parum.

759 2440 879 2498 Fac
908 2441 967 2498 te
996 2447 1228 2514 patrem
1255 2455 1387 2498 esse
1415 2437 1667 2512 sentiat,
1652 2457 1666 2471 ·
1710 2437 1803 2497 fac
1830 2447 1895 2496 ut
1922 2437 2139 2497 andeat
2822 2437 2941 2497 925

647 2537 669 2610 j
755 2535 894 2596 Tibi
921 2535 1166 2595 credere
1195 2534 1412 2608 omnia,
1441 2535 1548 2594 abs
1577 2543 1637 2594 te
1666 2544 1873 2611 petere
1902 2545 1965 2594 et
1990 2538 2257 2611 poscere,

759 2634 854 2692 Ne
881 2651 1062 2709 quam
1090 2632 1264 2691 aliam
1291 2641 1536 2708 quaerat
1563 2633 1802 2709 copiam
1831 2650 1901 2691 ac
1930 2641 1989 2692 te
2018 2629 2269 2692 deserat.

600 2730 720 2790 ΕΗ.
770 2728 994 2808 (flying
1015 2731 1138 2790 mto
1165 2749 1206 2788 a
1221 2728 1503 2808 passton)
1543 2732 1741 2790 Immo
1768 2731 1943 2792 §.beat
1970 2730 2167 2807 potius
2194 2730 2352 2790 malo
2378 2695 2591 2806 quouis
2616 2730 2900 2808 gentium,

759 2828 956 2903 Quam
986 2828 1082 2886 hic
1110 2830 1220 2904 per
1249 2827 1535 2905 flagitium
1564 2827 1643 2887 ad
1672 2828 1937 2905 inopiam
1966 2826 2195 2905 redigat
2222 2836 2473 2904 patrem.

757 2926 918 2986 Nam
945 2925 994 2985 si
1020 2926 1101 2985 ssli
1127 2944 1312 3003 pergo
1342 2926 1723 3004 sfippeditare
1756 2926 2105 3003 sumptibuS,
2822 2924 2943 2986 930

693 3101 700 3110 ι
758 3021 1141 3098 Menedeme,
1164 3023 1247 3082 mi
1274 3023 1446 3088 illaec
1472 3027 1618 3084 uero
1646 3023 1724 3083 ad
1750 3032 1964 3084 rastros
1992 3026 2087 3083 res
2114 3022 2286 3082 redit.

599 3120 724 3180 ΜΕ.
755 3119 937 3196 Quod
966 3120 1486 3182 incommoditates
1514 3121 1626 3182 hac
1656 3140 1719 3181 re
1748 3121 2027 3198 accipie5‚
2057 3120 2169 3180 nisi
2197 3138 2373 3179 canes
2400 3123 2414 3180 ἱ

763 3218 1090 3278 Difficilem
1119 3227 1177 3277 te
1207 3233 1336 3278 esse
1365 3218 1644 3279 ostendes
1672 3229 1735 3280 et
1760 3219 2030 3296 ignosces
2059 3228 2260 3278 tamen

760 3317 920 3392 Post,
947 3318 1012 3376 et
1036 3315 1101 3375 id
1128 3315 1438 3393 ingratum.
1523 3317 1641 3378 ΕΗ.
1679 3316 2034 3396 (chletracted
2042 3313 2071 3394 )
2105 3316 2199 3375 Ah
2236 3316 2447 3390 nescis,
2475 3334 2657 3392 quam
2684 3314 2943 3377 doleam.

1201 3415 1328 3474 ME.
1368 3398 1450 3474 Vt
1477 3413 1657 3474 lubet.

762 3508 926 3585 Quid
952 3510 1070 3571 hoc
1097 3510 1263 3587 quod
1289 3528 1453 3588 roge,
1482 3520 1548 3571 ut
1575 3511 1675 3570 ina
1698 3511 1885 3572 m'1bat
1910 3519 2113 3572 nostro
2127 3511 2156 3571 Ρ
2194 3510 2305 3570 nisi
2331 3510 2478 3587 quid
2507 3519 2615 3584 est,
2824 3509 2944 3572 935

761 3608 942 3684 Quod
971 3608 1154 3686 magis
1181 3609 1289 3672 uis·
1372 3610 1485 3670 ΕΗ.
1532 3593 1730 3668 Immo
1759 3618 1820 3668 et
1846 3611 2029 3686 gener
2056 3618 2118 3668 et
2146 3608 2372 3669 adfines
2399 3609 2654 3686 placent.
