3259 4134
663 211 728 260 32

1519 210 1915 260 ADELPHOE.
2422 211 2522 274 [IV
2551 224 2592 270 1,
2622 223 2763 278 1-15.

1508 692 1765 748 ACTVS
1814 691 1918 748 IV.

918 875 1116 930 Entcr
1140 872 1440 930 CTEsmno
1468 870 1600 926 and
1631 869 1819 927 SYRvs
1839 868 2010 942 from
2042 871 2279 926 Mle1o's
2308 869 2503 928 house.
2586 873 2590 876 ’
2615 875 2620 886 ’

1003 1020 1301 1077 CTESIPHO
1337 1015 1781 1094 (ADVLESCENS)
1794 1061 1808 1074 .
1894 1017 2078 1074 SYRvs
2114 1016 2398 1094 (SERvos)
2411 1062 2425 1075 .

668 1171 751 1227 IV
770 1170 877 1227 CT.
907 1170 1022 1225 Ain
1072 1175 1302 1242 patrem
1351 1165 1490 1222 hinc
1539 1163 1729 1223 abisse
1774 1165 1911 1222 rus?
2008 1165 2103 1223 Sv.
2148 1165 2277 1222 Iam
2325 1163 2570 1223 dudum.
2656 1166 2762 1224 CT.

700 1287 721 1323 1

1550 1261 1667 1320 Dic
1694 1260 1890 1320 sodes,
1974 1262 2070 1320 SY.
2111 1260 2290 1337 Apud
2318 1260 2573 1320 uissamst
2590 1283 2608 1336 3

908 1364 1084 1420 Nunc
1123 1379 1305 1436 quom
1346 1377 1620 1417 maxume
1663 1359 1856 1434 operis
1898 1357 2120 1434 aliquid
2150 1359 2341 1417 facere
2370 1359 2571 1418 credo.
2655 1361 2763 1418 CT.

1546 1457 1783 1515 Vtinam
1814 1456 2056 1532 quidem
2084 1460 2096 1514 1

907 1555 1088 1631 Quod
1117 1559 1255 1612 cum
1283 1554 1466 1613 salute
1496 1555 1620 1613 eius
1651 1555 1769 1626 ssat,
1800 1557 1880 1612 ita
1906 1573 1970 1612 se
2000 1553 2331 1630 defetigat-it
2356 1554 2553 1626 uelim,

903 1655 983 1711 Vt
1021 1651 1214 1711 triduo
1259 1651 1374 1710 hoc
1419 1654 1708 1727 perpetuo
1756 1669 2025 1727 prorsum
2067 1669 2101 1710 e
2143 1652 2300 1710 lecto
2340 1661 2597 1727 nequeat
2641 1656 2761 1710 sur-

1547 1767 1705 1825 gere.
2646 1767 2763 1826 520

688 1868 712 1904 5
741 1851 835 1909 Sv.
888 1851 981 1907 Ita
1021 1849 1141 1920 flat,
1171 1856 1233 1906 et
1270 1847 1417 1906 istoc
1460 1847 1609 1921 siqui
1651 1847 1808 1921 potis
1851 1855 1941 1905 est
1980 1847 2213 1905 rectius,
2298 1848 2405 1906 CT.
2452 1848 2581 1920 Ita3
2624 1865 2761 1905 nam

1547 1944 1705 2002 hunc
1735 1943 1895 2002 diem
2166 1937 2179 1948 ’

907 2045 1124 2103 Misere
1174 2043 1346 2100 nimis
1409 2043 1605 2118 cupio,
1656 2051 1721 2100 ut
1790 2042 1982 2117 coepi,
2026 2051 2376 2117 perpetuom
2433 2045 2492 2100 in
2546 2043 2765 2100 laetitia

1548 2139 1785 2216 degere.

905 2224 985 2298 Et
1033 2236 1177 2296 illud
1224 2256 1319 2295 rus
1362 2238 1519 2294 nulla
1565 2237 1679 2295 alia
1725 2255 1904 2295 causa
1942 2239 2063 2294 tzim
2114 2237 2264 2295 male
2314 2236 2436 2309 odi,
2476 2237 2585 2295 nisi
2627 2237 2765 2312 quia

1545 2344 1826 2410 propest3

665 2742 711 2780 10

907 2431 1089 2506 Quod
1118 2432 1166 2490 si
1195 2432 1428 2490 abesset
1455 2433 1701 2506 longiuS,

907 2532 1068 2588 Prius
1097 2547 1216 2586 nox
1243 2531 1628 2604 oppressisset
1656 2529 1924 2601 illiceum,
1955 2547 2133 2604 quam
2163 2529 2279 2587 hue
2308 2529 2525 2587 reuorti
2560 2532 2764 2604 posset

1548 2626 1777 2684 iterum.
2138 2673 2145 2678 .
2690 2647 2719 2683 2

910 2726 1086 2782 Nunc
1134 2723 1236 2781 ubi
1287 2741 1385 2781 me
1433 2723 1548 2780 illic
1596 2726 1719 2780 non
1760 2721 2006 2796 uidebit,
2037 2723 2155 2781 iam
2200 2724 2315 2781 huc
2357 2732 2631 2796 recurret,
2647 2643 2765 2782 5sust

1546 2839 1709 2893 scio;

906 2918 1212 2994 Rogitabit
1252 2936 1370 2990 me,
1412 2917 1511 2975 ubi
1555 2917 1799 2975 fuerim:
1855 2917 2184 2995 (imt'taling
2219 2918 2311 2976 his
2333 2916 2576 2996 father)
2617 2923 2633 2950 ‘
2651 2937 2764 2995 ego

1546 3013 1662 3072 hoc
1692 3022 1744 3070 te
1772 3018 1898 3073 toto
1927 3032 2049 3072 non
2082 3014 2205 3073 uidi
2238 3013 2373 3074 die!

907 3112 1069 3188 Quid
1139 3111 1378 3170 dicam?
1484 3113 1577 3170 SY.
1624 3112 1800 3170 Nilne
1860 3112 1920 3169 in
1983 3114 2343 3170 mentemst?
2424 3114 2531 3172 CT.
2576 3115 2762 3171 Num-

1546 3227 1724 3283 quam
1754 3212 2089 3284 quiequam.
2146 3210 2240 3268 Sv.
2282 3211 2478 3268 Tanto
2499 3211 2762 3285 nequior.

905 3308 1104 3368 Cliens
1150 3306 1374 3364 amicus
1417 3306 1632 3380 hospes
1676 3316 1909 3365 nemost
1950 3307 2162 3366 uobis?
2242 3307 2350 3366 CT.
2395 3308 2573 3366 Sunt:
2618 3307 2763 3383 quid

1545 3405 1798 3479 pbstea?
2645 3403 2648 3405 ’

743 3504 838 3562 Sv.
892 3503 1076 3559 Hisce
1121 3505 1303 3576 opera
1343 3510 1407 3559 ut
1449 3500 1588 3559 data
1621 3502 1738 3560 sit?
1817 3501 1925 3560 CT.
1970 3502 2139 3576 Quae
2167 3520 2288 3560 non
2318 3501 2459 3560 data
2486 3502 2601 3561 sit?
2640 3506 2762 3561 non

1546 3607 1748 3674 potest
1774 3599 1915 3656 fieri.
1999 3600 2093 3658 SY.
2140 3601 2359 3658 Potest.
2645 3617 2761 3676 530

662 3713 712 3750 15
750 3697 888 3780 CT„
905 3693 1197 3752 Interdius
1218 3715 1236 3767 3
1280 3693 1385 3752 sed
1408 3695 1456 3753 si
1484 3695 1579 3752 hic
1599 3705 1905 3770 pernoct0,
1930 3699 2140 3754 causae
2171 3695 2315 3771 quid
2344 3695 2560 3769 dichm,
2583 3697 2763 3774 Syre?
