3259 4134
441 274 508 324 26
1510 275 1871 326 PHORMIO.
2734 270 2950 337 [iiia-r·-

595 459 952 518 DEM11³no
1038 458 1286 516 anlo
1368 455 1753 517 CRAvas
1834 454 2073 516 Can-o
2156 455 2510 514 Pnonmo
2590 453 2797 513 Gru

694 567 861 604 SENEX
1024 565 1294 602 ADVOCATI
1766 563 1830 601 111
2204 562 2485 600 PARASITVS
2550 573 2555 578 ·
2595 562 2791 604 SERVOS

445 660 507 716 II
537 685 562 730 3
619 657 732 714 DE.
772 655 860 732 (to
887 654 980 713 his
987 652 1264 732 friends)
1304 654 1683 728 Enumquam
1713 651 2034 728 quoiquam
2062 650 2545 710 contumeli6sius

760 751 1019 811 Audistis
1049 751 1264 810 factam
1295 749 1585 821 iniuriam,
1616 767 1796 824 quam
1825 748 1976 808 haec
2004 751 2097 808 est
2124 748 2311 808 mihi?

441 852 560 912 350
761 850 984 910 Adeste
1027 867 1268 925 quaeso.
1351 849 1466 907 GE.
1519 847 1715 926 (a'side
1770 855 1827 906 to
1884 846 2201 924 Puonmo)
2253 848 2443 906 Iratus
2484 855 2593 906 est.
2676 848 2787 907 ΡΗ.

1251 929 1448 1026 (αείἆε
1476 953 1532 1003 to
1563 942 1767 1020 ΕΒΓΑ)
1806 944 1967 1020 Quin
1995 955 2059 1004 tu
2088 945 2205 1004 hoc
2232 963 2341 1022 age
2366 967 2380 1004 ε

763 1047 893 1104 Iam
921 1063 1034 1122 ego
1076 1044 1232 1103 hunc
1273 1044 1530 1119 agitabo.
1611 1042 1832 1121 (aloud
1867 1051 1923 1101 to
1957 1041 2159 1120 Gen)
2194 1047 2304 1120 pro
2347 1041 2528 1102 deum
2564 1042 2786 1101 inmor-

1239 1141 1462 1214 talium,

765 1241 962 1316 Negat
991 1239 1277 1296 Phanium
1305 1257 1431 1298 esse
1462 1238 1616 1297 hanc
1647 1237 1758 1298 sibi
1785 1247 2103 1314 cognatam
2133 1237 2437 1314 Demipho
2453 1238 2481 1296 Ρ
2922 1259 2946 1310 5

765 1340 944 1396 Hanc
975 1333 1276 1411 Demipho
1303 1346 1480 1412 negat
1509 1339 1638 1395 esse
1670 1338 2029 1412 cognatam?
2110 1337 2225 1396 GE.
2270 1337 2485 1413 Negat.
2606 1407 2611 1412 ,

625 1439 733 1496 ΡΗ.
767 1437 981 1511 Neque
1010 1437 1134 1494 eius
1163 1444 1390 1510 patrem
1420 1453 1484 1492 se
1511 1437 1663 1493 scire
1693 1435 1794 1510 qui
1826 1435 2038 1494 fuerit?
2119 1435 2232 1492 GE.
2276 1435 2493 1510 Negat.

446 1535 562 1595 355
621 1538 736 1594 DE.
776 1534 864 1613 (to
891 1531 1140 1606 himself,
1171 1532 1537 1607 recognizing
1560 1531 1875 1608 Pnonmo)
1916 1533 2120 1607 Ipsum
2149 1534 2279 1590 esse
2308 1531 2521 1607 opinor
2546 1530 2625 1590 de
2667 1547 2789 1606 quo

1247 1630 1532 1704 agebam:
1593 1629 1685 1707 (to
1732 1630 1826 1688 his
1854 1628 2128 1706 friends)
2181 1628 2510 1703 sequimini.
2594 1627 2790 1706 (Steps

1231 1725 1570 1802 for-ward.)

629 1825 772 1904 [PH.
805 1827 937 1884 Nec
965 1824 1334 1900 Stilphonem
1362 1824 1558 1901 ipsum
1585 1823 1736 1884 scire
1764 1823 1867 1900 qui
1894 1824 2110 1884 suerit?
2189 1824 2304 1883 GE.
2350 1819 2599 1900 Negat.]

627 1927 735 1982 ΡΗ.
774 1921 1070 2001 (Ῑειζςηὶηὲ
1090 1919 1494 1998 ina'zgrnation)
1534 1921 1691 1997 Quia
1718 1924 1898 1998 egens
1930 1921 2190 2004 relictast
2231 1923 2463 1993 misera,
2492 1921 2792 1997 ignoratur
2897 1945 2954 1978 10

1246 2036 1479 2098 parem,

767 2117 1109 2194 Neclegitur
1135 2117 1263 2192 ipsa
1287 2138 1299 2174 ε
1343 2115 1484 2175 uide
1513 2116 1757 2174 auaritia
1784 2116 1929 2192 quid
1957 2115 2115 2175 facit.

623 2216 738 2275 GE.
775 2217 870 2293 (in
893 2236 932 2274 a
955 2218 1100 2272 laud
1112 2217 1270 2290 tone)
1297 2215 1354 2274 Si
1377 2231 1541 2271 erum
1581 2214 1941 2272 insimulabis
1970 2212 2245 2286 malitiae,
2276 2213 2429 2272 male
2458 2211 2682 2272 audieS.

444 2311 564 2372 360
623 2313 734 2370 DE.
776 2311 864 2390 (to
892 2309 1140 2383 himself,
1169 2309 1429 2386 angn'ly)
1468 2311 1525 2370 O
1554 2309 1865 2369 audaciam
1894 2313 1905 2370 Ξ
1934 2297 2114 2369 etiam
2144 2328 2239 2368 me
2269 2310 2423 2370 ultro
2449 2318 2791 2368 accusatum

1249 2407 1509 2467 aduenit.

628 2509 736 2564 Pu.
775 2503 864 2577 (to
893 2503 1094 2580 GETA)
1134 2506 1291 2563 Nam
1321 2505 1437 2562 iam
1469 2503 1837 2565 adulescenti
1867 2505 2012 2564 nihil
2037 2515 2129 2566 >est
2158 2505 2321 2583 quod
2351 2507 2745 2578 suscenseam,

768 2603 827 2662 Si
854 2603 1017 2660 illum
1047 2602 1238 2660 minus
1267 2611 1436 2660 norat
1455 2623 1474 2675 ;
1519 2605 1743 2678 quippe
1773 2604 1955 2662 homo
1983 2604 2103 2662 iam
2128 2602 2424 2680 grandior,
2903 2626 2953 2675 ις

768 2701 1016 2774 Pauper,
1044 2699 1185 2775 quoi
1213 2699 1275 2756 in
1303 2717 1484 2775 opere
1515 2703 1638 2757 uita
1668 2710 1811 2772 erat,
1840 2704 1957 2758 ruri
1986 2701 2108 2760 fere

769 2799 843 2857 Se
871 2797 1215 2857 continebat
1235 2817 1253 2870 3
1299 2797 1379 2857 ibi
1409 2816 1612 2874 agrum
1645 2798 1723 2856 de
1752 2802 1957 2857 nostro
1987 2808 2152 2874 patre

446 2895 566 2954 365
766 2895 1103 2954 Colendum
1133 2895 1408 2955 habebat.
1496 2897 1675 2972 saepe
1707 2896 1932 2954 interea
1961 2897 2104 2954 mihi
2130 2914 2311 2956 senex

771 2994 1063 3053 NarrAbat
1091 3012 1154 3052 se
1183 2994 1340 3051 hunc
1369 2993 1683 3070 neclegere
1716 2996 2035 3070 cognatum
2065 3011 2271 3053 suom:

769 3094 846 3150 At
875 3094 1052 3166 quem
1082 3092 1272 3149 uirum
1300 3094 1312 3149 i
1355 3109 1536 3166 quem
1569 3082 1681 3167 ego
1709 3089 1961 3149 uiderim
1989 3090 2051 3148 in
2076 3090 2199 3148 uita
2227 3094 2556 3168 optumum.
2900 3113 2961 3146 πο

627 3189 742 3248 GE.
770 3188 991 3247 Videas
1014 3199 1091 3262 te,
1115 3198 1292 3264 atque
1315 3188 1476 3247 illum
1503 3186 1632 3266 [ut]
1662 3191 1861 3246 natras
1887 3191 1899 3247 Ξ
1972 3190 2081 3247 ΡΗ.
2114 3187 2209 3265 (in
2226 3187 2557 3263 pretended
2574 3181 2787 3263 anger)

1255 3288 1284 3344 I
1313 3287 1378 3344 in
1405 3287 1621 3344 malam
1651 3303 1891 3344 crucem
1916 3291 1931 3344 l

773 3384 928 3441 Nam
957 3383 1018 3441 ni
1048 3386 1184 3442 eum
1215 3401 1343 3442 esse
1373 3383 1835 3454 existumassem‚
1865 3400 2190 3458 numquam
2218 3384 2341 3440 tam
2367 3381 2560 3457 grauis

450 3479 570 3540 370
773 3482 874 3541 Ob
901 3481 1055 3539 hanc
1084 3480 1416 3539 inimicitias
1445 3483 1724 3556 caperem
1753 3480 1815 3537 in
1843 3490 2102 3538 uostram
2133 3479 2432 3552 familiam,

775 3579 972 3652 Quam
999 3578 1048 3636 is
1075 3580 1419 3654 aspernatur
1447 3579 1605 3634 nunc
1637 3587 1759 3634 tam
1788 3576 2181 3635 inliberaliter.
