3259 4134
306 323 314 328 ·
419 300 484 351 10
1151 300 1534 352 HEA-VTON
1579 303 1630 351 T
1624 303 1727 351 [Μ
1728 302 1820 351 OR
1833 303 2151 352 VMENOS.
2730 301 2926 367 [i.1.3o.

1056 482 1412 543 CHREMES
1809 484 2283 544 MENEDEMvs

1151 574 1312 612 sums
2028 575 2071 613 11

457 680 488 738 Ι
509 699 533 736 1
559 679 676 739 CH.
707 679 1086 756 Quamquam
1113 680 1261 738 haec
1289 679 1443 738 inter
1467 697 1576 739 nos
1603 683 1797 756 nuper
1822 681 2033 739 notitia
2058 679 2443 741 admodumst

707 775 893 854 (Inde
920 777 1075 836 adeo
1104 795 1283 852 quom
1313 795 1517 854 agrum
1547 777 1607 836 in
1638 781 1929 853 proxumo
1958 777 2055 836 hic
2085 781 2379 838 mercatus
2406 777 2501 856 es)

415 873 494 932 55
699 875 832 932 Nec
861 878 945 933 rei
974 874 1095 933 fere
1123 893 1265 933 sane
1293 875 1402 934 hoc
1428 875 1679 950 amplius
1708 875 2027 950 quicquam
2056 875 2198 934 fuit:

695 973 927 1030 Tamen
953 972 1052 1030 uel
1077 973 1260 1031 uirtus
1287 975 1389 1031 tua
1417 990 1514 1031 me
1541 972 1641 1031 uel
1666 973 1955 1047 uicinitaS,

697 1068 878 1143 Quod
908 1088 1022 1145 ego
1051 1073 1112 1128 in
1139 1070 1475 1145 propinqua
1501 1073 1668 1146 patte
1698 1070 1991 1129 amicitiae
2018 1079 2184 1146 puto,
2904 1095 2929 1144 5

699 1167 870 1225 Facit
896 1170 962 1226 ut
990 1178 1050 1225 te
1078 1167 1362 1226 audacter
1389 1171 1668 1226 moneam
1702 1177 1762 1226 et
1791 1167 2167 1240 familiAriter‚
2522 1175 2528 1180 ’

699 1264 881 1339 Quod
911 1265 1054 1322 mihi
1081 1265 1288 1324 uidere
1316 1267 1551 1341 praeter
1579 1267 1836 1324 aetatem
1866 1275 2027 1324 tuam

417 1360 496 1419 60
699 1363 924 1420 Facere
951 1365 1013 1420 et
1038 1371 1274 1438 praeter
1299 1369 1477 1436 quam
1506 1365 1599 1420 res
1627 1372 1687 1421 te
1716 1363 2061 1422 adhortatur
2087 1371 2205 1420 tua.

699 1459 856 1516 Nam
883 1463 994 1536 pro
1023 1460 1205 1519 deum
1231 1468 1410 1536 atque
1442 1459 1750 1519 hominum
1780 1459 1981 1534 fidem,
2010 1459 2156 1535 quid
2180 1461 2271 1518 uis
2298 1459 2451 1519 tibi?

702 1556 863 1630 Quid
893 1558 1166 1631 quaeris?
1207 1576 1393 1616 annos
1422 1557 1724 1633 sexaginta
1752 1560 1923 1616 natus
1944 1575 2025 1631 ες,
2747 1563 2767 1572 “
2874 1583 2933 1615 ιο

697 1655 815 1713 Aut
842 1655 972 1729 plus
1002 1673 1095 1727 e0,
1123 1666 1189 1713 ut
1226 1655 1458 1714 conicio
1479 1676 1498 1728 3
1549 1653 1819 1733 [agrum]
1854 1656 1915 1713 in
1944 1654 2035 1714 his
2062 1654 2401 1731 regionibus

700 1752 1012 1810 Meliorem
1040 1772 1248 1827 agrum
1278 1771 1472 1827 neque
1501 1753 1655 1828 preti
1685 1753 1919 1811 maioris
1944 1755 2125 1811 nemo
2152 1751 2370 1825 habet3

419 1846 496 1906 65
697 1849 910 1908 Seru6s
937 1850 1292 1924 compluris:
1339 1849 1591 1926 proinde
1622 1850 1789 1925 quasi
1815 1853 1996 1909 nemo
2028 1850 2158 1923 siet,

700 1946 796 2003 Ita
823 1948 1044 2005 attente
1075 1956 1198 2005 tute
1228 1947 1457 2005 illorum
1487 1947 1685 2005 officia
1712 1947 1975 2022 fungere.

701 2043 1042 2118 NumquAm
1071 2053 1192 2102 tam
1221 2063 1396 2103 mane
1428 2044 1703 2120 egredior
1728 2063 1923 2120 neque
1952 2054 2073 2103 tam
2102 2043 2337 2120 uesperi
2872 2069 2926 2117 ¹5

698 2140 961 2199 Domum
991 2151 1275 2214 reuortor,
1307 2146 1448 2217 quin
1478 2151 1538 2200 te
1568 2142 1630 2200 in
1660 2141 1847 2201 fundo
1874 2141 2187 2217 conspicer

700 2237 749 2296 F
751 2236 934 2296 odere
960 2241 1063 2297 aut
1089 2257 1253 2297 arare
1283 2248 1383 2297 aut
1411 2239 1635 2314 aliquid
1665 2239 1833 2298 ferre.
1915 2239 2171 2314 denique

417 2332 495 2392 70
699 2334 945 2393 Nullum
973 2337 1220 2396 remittis
1253 2339 1486 2411 tempus
1516 2355 1711 2412 neque
1742 2347 1801 2395 te
1829 2336 2091 2412 respicis·

699 2433 874 2490 Haec
901 2436 1023 2492 non
1049 2434 1339 2508 uoluptati
1371 2434 1477 2494 tibi
1507 2452 1637 2493 esse
1670 2435 1809 2493 satis
1836 2437 2002 2492 certo
2030 2433 2173 2492 scio·

698 2533 714 2560 ‘
735 2529 912 2587 Enim
935 2532 947 2557 ’
978 2530 1141 2589 dices
1171 2535 1187 2562 ‘
1210 2542 1495 2606 quantum
1526 2531 1623 2590 hic
1654 2532 1851 2608 operis
1872 2531 1972 2589 fiat
2000 2531 2301 2608 paenitet!
2866 2557 2929 2590 20

696 2627 878 2701 Quod
908 2627 970 2685 in
999 2632 1180 2702 opere
1204 2628 1483 2689 faciundo
1517 2633 1735 2706 operae
1759 2631 2055 2688 consumis
2084 2638 2239 2702 tuae,

696 2724 756 2783 Si
784 2727 980 2783 sumas
1007 2725 1069 2783 in
1096 2725 1206 2784 illis
1236 2726 1602 2800 exercendiS‚
1636 2727 1768 2802 plus
1796 2744 1951 2802 agas,

417 2819 455 2876 7
457 2817 495 2876 5
537 2820 661 2878 ΜΕ.
700 2821 1074 2898 (conn‘nuing
1091 2831 1146 2882 to
1159 2825 1264 2900 ply
1280 2825 1375 2883 lu's
1396 2823 1533 2901 hoe)
1569 2825 1873 2897 Chremes,
1897 2833 2203 2883 tantumne
2226 2823 2303 2883 ab
2322 2826 2384 2882 re
2406 2831 2563 2882 tuast
2582 2825 2667 2882 oti
2687 2821 2813 2894 tibi,

695 2919 904 2977 Aliena
929 2929 994 2979 ut
1023 2937 1190 2979 cures
1220 2924 1292 2979 ea
1321 2939 1474 2997 quae
1503 2922 1586 2980 nil
1615 2923 1694 2981 ad
1722 2931 1781 2981 te
1810 2921 2101 2980 attinent?
2772 2915 2776 2921 ’

535 3014 652 3074 CH.
692 3017 901 3076 Homo
931 3036 1059 3076 sum
1083 3040 1098 3077 ε
1141 3018 1383 3077 humani
1411 3019 1494 3078 nil
1521 3037 1556 3078 a
1584 3038 1683 3078 me
1713 3020 1968 3078 alienum
1996 3028 2162 3095 puto.
2866 3042 2921 3090 25

693 3114 804 3171 Vel
833 3117 928 3173 me
959 3133 1204 3174 monere
1232 3116 1348 3175 hoc
1374 3116 1472 3175 uel
1501 3121 1836 3194 percontari
1866 3126 2046 3193 puta:

695 3212 1026 3286 Rectumst‚
1057 3231 1170 3288 ego
1199 3223 1264 3271 ut
1292 3214 1505 3272 faciam
1526 3235 1544 3288 3
1587 3218 1711 3274 non
1741 3225 1849 3288 est,
1880 3225 1939 3273 te
1966 3223 2032 3272 ut
2058 3212 2409 3272 deterream.

413 3302 490 3362 80
535 3307 659 3365 ΜΕ.
697 3308 943 3386 (curtly)
983 3310 1134 3368 Mihi
1163 3314 1247 3368 sic
1275 3320 1365 3370 est
1391 3329 1530 3370 usus
1551 3332 1569 3385 3
1613 3311 1720 3372 tibi
1750 3321 1814 3370 ut
1842 3328 1991 3387 opus
2011 3311 2243 3385 factost,
2266 3311 2411 3369 face.

535 3404 648 3462 Cn.
688 3407 782 3462 An
819 3410 1196 3484 quoiquamst
1231 3427 1369 3467 usus
1408 3409 1653 3482 homini,
1693 3427 1756 3468 se
1792 3419 1860 3468 ut
1901 3409 2165 3467 cruciet?
2206 3409 2332 3466 ΜΕ.
2370 3407 2658 3485 (without
2690 3405 2929 3481 looking

1173 3503 1281 3581 up)
1319 3505 1489 3564 Mihi.

533 3597 648 3657 CH.
688 3599 746 3657 Si
776 3599 917 3674 quid
943 3601 1201 3675 laborist‚
1231 3602 1470 3662 nouem.
1555 3602 1666 3662 sed
1694 3601 1838 3678 quid
1867 3603 2015 3662 istuc
2045 3601 2238 3660 malist
2267 3603 2296 3661 ?
2450 3622 2461 3632 ·
2864 3627 2926 3674 30

1621 3771 1647 3812 r
1695 3807 1701 3831 .’
