3259 4134
605 252 629 301 1
660 266 701 312 1,
731 250 932 318 17-51.]
1448 251 1848 301 ADELPHOE.

650 455 698 480 χ
766 419 896 494 Ego
924 416 1078 475 hanc
1107 387 1673 474 clementem³uitam
1703 417 1986 475 urbanam
2014 424 2191 491 atque
2220 415 2405 476 etium

603 731 652 770 20

763 519 1008 576 Secutus
1037 532 1166 572 sum
1196 523 1272 586 et,
1304 513 1466 588 quod
1495 515 1855 573 fortunatum
1884 515 1976 574 isti
2005 524 2230 591 putant,

763 618 1019 674 onrem
1050 632 1374 690 numquam
1403 613 1598 671 habui.
1658 614 1752 672 ssle
1783 623 1988 672 contra
2015 614 2163 673 haec
2194 615 2428 673 emnia:

761 715 904 772 Ruri
932 717 1105 789 agere
1135 713 1319 770 uitam
1340 734 1358 786 3
1403 715 1639 788 semper
1666 730 1842 788 parce
1872 731 1943 770 ac
1972 711 2194 770 duriter

761 813 834 870 Se
863 811 1080 871 habere
1101 831 1120 884 3
1162 829 1406 870 uxorem
1436 809 1602 869 duxit
1621 831 1640 882 3
1684 810 1806 868 nati
1836 810 1936 867 sslii

765 911 901 966 Duo
922 930 940 982 3
983 907 1122 967 inde
1153 926 1266 983 ego
1295 907 1451 965 hunc
1482 908 1767 965 maiorem
1796 905 2078 982 adoptaui
2108 907 2287 965 mihi:

765 1005 958 1064 Eduxi
985 1025 1022 1063 a
1048 998 1312 1082 paruclo,
1344 1005 1541 1077 habui,
1572 1004 1766 1062 amaui
1795 1007 1903 1080 prb
1934 1023 2070 1062 meo
2091 1025 2109 1078 3

765 1107 834 1162 In
863 1107 937 1163 eb
966 1122 1063 1161 me
1093 1103 1351 1174 oblect0,
1382 1104 1571 1161 selum
1600 1101 1664 1160 id
1694 1111 1783 1160 est
1812 1106 2011 1160 casum
2043 1101 2205 1160 mihi.

759 1201 864 1259 Ille
892 1204 957 1259 1'1t
985 1201 1127 1258 item
1158 1209 1367 1258 contra
1395 1217 1489 1258 me
1519 1199 1735 1257 habeat
1765 1199 1919 1257 facio
1950 1198 2157 1258 sedulo
2172 1181 2219 1258 'i‘

764 1300 878 1370 Do,
909 1297 1333 1374 praetermittO,
1362 1300 1485 1356 nen
1513 1315 1757 1356 necesse
1788 1297 1981 1356 habeo
2011 1296 2212 1355 emnia

763 1398 873 1455 Pro
903 1399 1040 1454 mee)
1069 1396 1190 1454 iure
1221 1413 1393 1471 agere
1415 1415 1431 1468 3
1476 1399 1798 1470 postremo,
1827 1395 1923 1452 alii
1952 1395 2285 1452 clanculum

763 1495 960 1552 Patres
988 1511 1140 1568 quae
1172 1479 1409 1564 faciunt,
1440 1495 1590 1567 quae
1620 1493 1731 1550 fert
1759 1491 2175 1564 adulescentia,

763 1593 850 1648 Ea
876 1593 952 1648 ne
981 1609 1077 1648 me
1106 1569 1261 1648 celet
1290 1591 1626 1649 consuefeci
1658 1590 1859 1648 fllium.

759 1689 914 1745 Nam
943 1692 1041 1762 qul
1072 1688 1304 1746 mentiri
1333 1696 1433 1745 aut
1462 1687 1657 1745 fellere
1688 1688 1927 1746 insuerit
1955 1697 2203 1763 patrem,

757 1786 1062 1842 Auda'cter
1085 1793 1250 1844 tanto
1281 1785 1465 1860 magis
1494 1783 1736 1845 audebit
1764 1787 2011 1844 ceteros,

763 1882 992 1942 Pudere
1022 1890 1083 1941 et
1111 1882 1454 1942 liberalitate
1483 1883 1698 1942 llberos

759 1981 1038 2039 Retinere
1067 1981 1245 2038 satius
1276 1982 1402 2038 esse
1433 1978 1614 2038 credo
1646 1981 1821 2054 quam
1852 1987 2032 2037 metu.

763 2080 933 2136 Haec
964 2078 1120 2136 fratri
1151 2096 1387 2135 mecum
1416 2080 1537 2135 nen
1565 2077 1929 2135 conueniunt
1954 2079 2148 2151 neque
2178 2077 2433 2152 placent.

625 2194 648 2230 5
755 2176 932 2234 Venit
959 2174 1036 2233 ad
1066 2193 1162 2232 me
1192 2193 1368 2251 saepe
1398 2175 1657 2232 clamans
1688 2177 1705 2204 ‘
1724 2173 1867 2248 quid
1897 2174 2037 2249 agis,
2070 2175 2297 2232 Micio?

597 2680 648 2718 40

760 2275 927 2347 Quor
953 2253 1151 2348 perdis
1180 2272 1621 2330 adulescentem
1652 2272 1865 2329 nobis?
1919 2274 2069 2346 quer
2096 2274 2297 2330 amat?

761 2373 928 2444 Quor
955 2371 1166 2445 petat?
1221 2388 1371 2444 quor
1398 2378 1460 2427 tu
1489 2369 1578 2427 his
1609 2369 1793 2427 rebus'
1809 2377 2109 2443 sumptum
2139 2370 2414 2444 suggeris3

757 2470 984 2550 Vesjltu
1013 2468 1198 2526 nimio
1227 2465 1538 2546 indulges?
1593 2467 1842 2524 nimium
1870 2466 2103 2541 ineptus
2133 2469 2233 2524 es!

697 2545 1024 2624 *Nimium
1056 2568 1180 2640 ipse
1211 2574 1299 2623 est
1328 2563 1504 2631 durus
1534 2567 1766 2639 praeter
1792 2582 2164 2639 aequomque
2195 2566 2254 2623 et
2278 2565 2524 2636 bonum,

759 2666 835 2721 Et
864 2665 1014 2721 errat
1042 2662 1216 2738 longe
1247 2664 1382 2720 mea
1409 2660 1653 2737 quidem
1682 2663 1991 2733 sententia,

760 2760 876 2835 Qui
908 2760 1218 2836 imperium
1249 2758 1452 2817 credat
1479 2760 1711 2835 grauius
1741 2776 1868 2817 esse
1898 2769 1997 2817 aut
2026 2759 2304 2830 stabilius,

756 2859 829 2915 vi
859 2855 1022 2933 quod
1051 2839 1134 2930 fit‘,
1166 2876 1344 2932 quam
1374 2855 1514 2914 inud
1545 2855 1707 2931 q‘uod
1738 2856 1997 2914 amicitia
2024 2856 2372 2932 adiungitur.

761 2957 901 3013 Mea
927 2958 1011 3013 sic
1041 2964 1129 3013 est
1158 2955 1306 3012 ratio
1335 2963 1395 3012 et
1423 2957 1506 3012 sic
1535 2955 1798 3012 animum
1828 2954 2048 3012 induco
2078 2973 2313 3013 meum:

761 3052 922 3111 Male
951 3061 1190 3110 coactus
1221 3055 1320 3126 qul
1349 3070 1518 3109 suom
1548 3051 1811 3109 officium
1841 3053 1997 3124 facit,

757 3151 916 3207 Dum
945 3148 1008 3206 id
1037 3149 1311 3207 rescitum
1340 3149 1409 3206 iri
1439 3148 1646 3221 credit,
1678 3149 1961 3224 tantisper
1988 3158 2166 3225 pauet
2186 3169 2204 3222 3

759 3248 815 3306 Si
844 3250 1038 3322 sperat
1066 3247 1188 3304 fore
1219 3246 1391 3318 clam,
1422 3249 1649 3304 rursum
1677 3245 1755 3303 ad
1785 3246 2085 3324 ingenium
2113 3244 2285 3306 redit.

761 3344 864 3403 Ille
895 3346 1072 3419 quem
1099 3342 1393 3402 beneficio
1421 3342 1724 3420 adiungaS,
1755 3363 1828 3402 ex
1855 3345 2053 3402 anime
2083 3345 2239 3416 facit,

757 3440 966 3500 Studet
994 3443 1100 3517 pat
1127 3442 1359 3512 referre,
1389 3443 1666 3516 praesens
1696 3442 2024 3517 absensque
2055 3441 2215 3500 idem
2244 3441 2372 3501 erit.

761 3537 900 3598 Hoc
930 3538 1252 3613 patriumst,
1283 3539 1479 3614 potius
1507 3540 1925 3598 consuefacere
1956 3540 2141 3598 filium

755 3638 869 3695 Sua
895 3639 1106 3711 sponte
1135 3647 1297 3694 recte
1328 3638 1517 3695 facere
1548 3656 1727 3712 quam
1756 3638 1950 3698 aliene
1979 3647 2139 3696 metu
2160 3658 2178 3711 3

761 3735 899 3792 Hoc
929 3712 1096 3810 pater
1121 3753 1193 3792 ac
1222 3732 1496 3794 dominus
1527 3737 1784 3794 interest.
1855 3736 1971 3794 hoc
2000 3740 2100 3810 qui
2128 3735 2349 3810 nequit,

2620 729 2693 788 45

2621 1216 2699 1276 50

2618 1703 2689 1762 55

2619 2177 2697 2232 60

2623 3165 2697 3223 70

2621 3653 2689 3714 75
