3259 4134
590 251 664 304 ἢ
1450 249 1853 300 ADELPHOE.
2315 249 2427 313 [ΙΙΙ
2452 263 2499 314 3,
2522 262 2699 316 25-31.

599 433 651 473 25
844 416 1006 475 Prius
1042 415 1202 475 nelo.
1287 416 1402 474 ΒΕ.
1454 414 1764 493 (exclaims
1794 413 2187 492 indaegnantgy)
2226 416 2498 474 Haecine
2542 415 2699 491 flagi-

1486 513 1568 570 tia
1593 515 1606 570 l
1690 513 1785 574 Sv.
1830 512 1918 570 Mi
1946 511 2190 588 quidem
2217 516 2339 572 non
2366 514 2619 589 placent,

847 613 926 670 Et
979 611 1173 670 cllimo
1239 627 1438 687 saepe.
1547 613 1637 686 (to
1694 610 2063 689 STEPHANIO)
2128 611 2479 670 salsamenta
2532 611 2700 683 haec,

1488 706 1835 783 Stephanio,
2584 710 2703 784 380

847 818 967 866 rac
996 809 1368 865 macerentur
1395 805 1658 880 pulchre.
1745 807 1861 864 ΒΕ.
1906 805 1987 864 Di
2014 809 2273 866 nostram
2300 805 2501 879 fidem,

844 906 1056 964 Vtrum
1085 902 1356 962 studione
1384 900 1448 960 id
1476 903 1586 962 sibi
1613 903 1797 962 habet
1823 921 1900 962 an
1926 902 2088 962 laudi
2114 913 2299 979 putat.

847 1004 1018 1074 Fore,
1047 1005 1094 1060 si
1122 1000 1449 1078 perdiderit
1476 1003 1764 1076 gnatum?
1842 1019 1951 1060 uae
1982 1001 2197 1061 misero
2226 1001 2388 1060 mihi.

602 1119 652 1158 30
845 1101 1059 1159 Videre
1087 1099 1296 1158 uideor
1325 1100 1442 1158 iam
1472 1097 1635 1157 diem
1664 1099 1848 1170 illum,
1874 1116 2058 1174 quom
2086 1098 2224 1157 hinc
2252 1117 2432 1174 egens

747 1207 752 1213 ”
849 1199 1146 1274 Profugiet
1173 1199 1372 1272 aliquo
1397 1197 1729 1255 militatum.
1814 1197 1910 1256 Sv.
1954 1198 2009 1256 O
2040 1197 2288 1268 Demea,
2587 1198 2699 1272 385

849 1299 1009 1355 Istuc
1039 1305 1128 1354 est
1155 1313 1380 1372 sapere,
1409 1299 1532 1352 non
1558 1293 1723 1369 quod
1750 1303 1888 1352 ante
1916 1293 2103 1370 pedes
2132 1293 2371 1352 modost

845 1393 1082 1465 Videre,
1112 1392 1220 1452 sed
1248 1393 1428 1451 etiam
1455 1392 1552 1450 ssla
1579 1410 1731 1467 quae
1762 1392 1953 1450 futura
1978 1401 2114 1450 sunt

849 1494 1208 1566 Prospicere.
1280 1491 1396 1549 ΒΕ.
1441 1489 1646 1563 Quid?
1686 1489 1870 1548 istaec
1898 1490 2015 1547 iam
2037 1507 2221 1564 penes
2244 1506 2351 1547 uos
2373 1489 2706 1564 psaltriast?

604 1606 654 1645 35
709 1591 802 1650 ΞΥ.
851 1588 1042 1646 Ellam
1070 1589 1243 1646 intuS.
1330 1589 1444 1646 DE.
1491 1587 1642 1659 Eh0‚
1667 1604 1744 1644 an
1772 1586 1994 1646 domist
2014 1587 2355 1647 habiturus?
2422 1587 2517 1644 Sv.
2560 1586 2702 1647 Cre-

1034 1748 1040 1753 ,
1492 1682 1592 1755 do,
1623 1693 1689 1742 ut
1717 1693 1807 1742 est

848 1782 1183 1841 Dementia.
1268 1783 1383 1840 ΒΕ.
1430 1781 1818 1839 Ηαεείιγίῖεη·
1846 1783 1857 1839 !
1942 1781 2036 1840 SY.
2083 1781 2295 1857 Inepta
2330 1780 2537 1838 lenitas
2587 1798 2705 1855 390

847 1880 1030 1938 Patris
1059 1881 1122 1937 et
1149 1878 1394 1937 facilitas
1423 1867 1622 1954 praua.
1708 1878 1825 1936 ΒΕ.
1869 1878 2083 1936 Fratris
2113 1879 2209 1936 me
2238 1876 2481 1952 quidem

848 1976 1038 2036 Pudet
1067 1977 1366 2052 pigetque.
1451 1976 1545 2034 SY.
1591 1975 1856 2033 Nlmium
1886 1975 2038 2032 inter
2064 1993 2191 2046 uOS‚
2225 1976 2471 2046 Demea,
2490 2007 2572 2016 —

847 2076 986 2133 Non
1015 2077 1152 2149 quia
1179 2072 1321 2131 ades
1350 2091 1627 2148 praesens
1651 2071 1788 2130 dico
1810 2071 1926 2130 hoc
1942 2073 2390 2148 —pernimium
2420 2075 2570 2130 inter
2596 2080 2702 2144 est.

603 2191 651 2228 40
839 2175 950 2244 Tu,
983 2175 1234 2247 quantus
1265 2172 1553 2246 quantu'S,
1583 2170 1667 2228 nil
1693 2171 1802 2228 nisi
1834 2170 2122 2245 sapientia
2147 2187 2231 2241 ες,

846 2270 952 2328 I-lle
982 2271 1296 2328 somnium.
1382 2288 1523 2327 num
1554 2271 1774 2326 sineres
1802 2286 1944 2326 uero
1973 2268 2139 2326 illum
2166 2277 2341 2326 tuom
2586 2283 2697 2343 395

848 2369 1068 2426 Facere
1097 2367 1288 2425 haec?
1371 2368 1486 2425 ΒΕ.
1530 2365 1796 2424 Sinerem
1836 2365 1997 2423 illum
2013 2367 2050 2424 Ρ·
2120 2374 2221 2423 aut
2262 2368 2387 2422 non·
2423 2381 2527 2422 sex
2566 2365 2703 2422 totis

1488 2464 1787 2522 mensibus

849 2563 1011 2620 Prius
1042 2561 1392 2633 Olfecissem‚
1423 2565 1600 2636 quam
1631 2561 1727 2618 ille
1744 2560 2072 2640 *quicquam
2101 2561 2425 2640 coeperet?

706 2661 798 2718 SY.
842 2660 1218 2734 Vigilamiam
1249 2668 1409 2716 tuam
1439 2661 1501 2717 t1'1
1533 2658 1678 2716 mihi
1706 2659 1945 2716 narras?
2026 2659 2141 2715 ΒΕ.
2185 2658 2279 2716 Sic
2308 2658 2419 2715 siet

605 2773 656 2811 45
848 2755 1037 2814 Modo
1080 2767 1146 2815 ut
1185 2759 1345 2814 nunc
1387 2765 1493 2827 est,
1525 2773 1767 2830 quaeso.
1851 2756 1945 2814 Sv.
1974 2755 2055 2813 Vt
2083 2758 2328 2829 quisque
2372 2773 2540 2813 suom
2582 2755 2705 2813 uolt

1491 2855 1639 2924 esse,
1670 2854 1823 2911 itast.

689 2953 803 3010 ΒΕ.
848 2949 1010 3024 Quid
1039 2952 1218 3009 eum?
1297 2949 1538 3009 uidistin
1566 2949 1791 3008 hodie?
1871 2950 1965 3008 Sv.
2007 2950 2281 3008 Tuomne
2310 2949 2538 3008 fllium?
2583 2967 2703 3021 400
2766 2979 2770 2989 ι

858 3049 1078 3124 (aside)
1115 3048 1367 3122 Abigam
1397 3047 1554 3105 hunc
1583 3066 1697 3105 rus,
1790 3047 1877 3124 (to
1909 3045 2161 3121 ΒΕΜΕΑ)
2200 3047 2316 3104 iam
2346 3045 2572 3105 dudum
2601 3046 2703 3104 ali-

1491 3143 1636 3219 quid
1665 3145 1779 3202 ruri
1810 3162 1983 3220 agere
2014 3144 2274 3202 Arbitror.

689 3245 803 3301 DE.
847 3243 1008 3302 Satin
1036 3245 1148 3300 scis
1175 3242 1256 3301 ibi
1286 3243 1457 3300 esse?
1537 3241 1631 3300 Sv.
1678 3241 1795 3313 Oh,
1824 3243 1926 3316 qui
1956 3243 2194 3317 egomet
2234 3239 2503 3316 produxi.
2586 3241 2703 3300 ΒΕ.

1489 3321 1809 3414 ὁρωῐῐιεεῐ
1829 3361 1847 3412 3

849 3439 1038 3494 Metui
1066 3455 1141 3494 ne
1170 3436 1436 3495 haereret
1463 3437 1578 3495 hic.
1663 3438 1757 3496 SY.
1802 3440 1995 3512 Atque
2024 3437 2235 3496 iratum
2264 3435 2609 3495 admodum.

607 3551 656 3590 ω
685 3536 800 3593 ΒΕ.
845 3533 1008 3606 Quid
1037 3535 1279 3591 autem?
1359 3535 1454 3592 Sv.
1497 3533 1783 3593 Adortust
1811 3535 1997 3609 iurgio
2027 3535 2263 3593 fratrem
2292 3533 2463 3609 apud*
2480 3534 2671 3593 forum

848 3630 942 3687 De
988 3629 1226 3702 psaltria
1269 3629 1432 3688 istac.
1531 3632 1647 3689 ΒΕ.
1696 3633 1811 3689 Ain
1854 3649 1997 3688 uero
2023 3632 2051 3689 ?
2145 3632 2239 3690 Sv.
2285 3630 2397 3703 Ah,-
2442 3631 2525 3689 nil
2568 3631 2703 3710 reti-

1489 3738 1627 3785 cu1t.
2190 3767 2197 3770 -
2585 3745 2698 3805 405
