3259 4134
541 303 608 352 44
633 341 640 350 ,
1621 300 1982 350 PHORMIO.
2844 301 2939 369 [iv.
2944 315 3072 369 5.1-
3164 331 3169 336 -

1093 483 1452 541 DEmPHo
1696 469 2073 541 CHREMES:
2304 483 2512 543 GETA

1185 591 1344 627 smus
1854 589 1895 628 11
2313 591 2507 646 suavos

545 698 631 756 IV
660 721 682 772 ⁵
721 698 837 756 DE.
876 697 964 773 (to
1005 693 1330 772 CHREMES)
1383 696 1633 770 Quietus
1676 705 1823 770 est0,
1867 695 2145 770 inquam:
2197 698 2311 771 ego
2354 697 2575 755 curabo
2622 699 2699 756 ne
2747 695 2892 772 quid

1346 793 1664 852 uerborum
1696 791 1843 853 duit.

866 893 1008 949 Hoc
1045 891 1353 969 (pointing
1375 898 1431 948 to
1461 891 1553 948 tlte
1583 889 1814 970 money)
1852 893 2077 950 temere
2105 909 2427 968 numquam
2470 895 2737 951 amittam
2778 911 2894 968 ego

1346 1006 1382 1046 a
1409 1006 1524 1062 me,
1555 991 1699 1063 quin
1727 989 1872 1047 mihi
1899 989 2064 1047 testis
2092 989 2411 1048 adhibeam
2435 1011 2449 1049 :

543 1087 661 1146 715
865 1087 1023 1160 Quoi
1046 1085 1186 1144 dem
1209 1088 1269 1144 et
1291 1103 1470 1161 quam
1492 1085 1572 1145 ob
1592 1104 1718 1144 rem
1742 1084 1901 1158 dem,
1924 1086 2431 1145 commemorabo,
2509 1088 2626 1146 GE.
2657 1086 2882 1165 (aside)

1341 1183 1424 1242 Vt
1451 1185 1658 1242 cautus
1686 1191 1792 1257 est,
1822 1182 1925 1242 ubi
1952 1183 2034 1241 nss
2062 1192 2258 1258 opust.

721 1282 836 1341 CH.
869 1285 1061 1356 Atque
1091 1285 1172 1338 ita
1199 1299 1350 1356 opus
1384 1280 1632 1338 factost:
1680 1282 1739 1338 et
1784 1289 2027 1353 matura,
2057 1280 2202 1340 dum
2242 1281 2448 1340 lubido
2491 1280 2703 1340 eadem
2745 1281 2894 1340 haec

1344 1388 1544 1436 manet
1565 1398 1583 1452 3
1976 1391 1979 1396 ·
2771 1408 2775 1413 -

867 1479 1023 1535 Nam
1053 1477 1101 1534 si
1129 1477 1308 1534 altera
1335 1475 1505 1533 illaec
1534 1474 1721 1551 magis
1750 1477 2006 1548 instabit,
2038 1477 2280 1536 forsitan
2307 1495 2418 1535 nos
2446 1476 2667 1535 reiciat.
3038 1503 3063 1550 ς

720 1575 832 1633 GE.
871 1572 1291 1650 (aloud)Rem
1321 1573 1508 1649 ipsAm
1535 1573 1772 1649 putasti.
1857 1575 1973 1632 DE.
2006 1573 2094 1652 (to
2121 1571 2497 1650 GETA)'D1'10
2524 1592 2619 1632 me
2649 1572 2726 1632 ad
2756 1592 2893 1632 eum

1349 1689 1506 1746 ergo.
1591 1672 1704 1730 GE.
1756 1673 1899 1730 Non
1947 1690 2161 1730 moror.
2246 1670 2361 1729 Cn.
2414 1669 2503 1748 (to
2560 1669 2881 1748 Dmffno)

1347 1768 1466 1827 Vbi
1494 1767 1608 1826 hoc
1639 1769 1845 1844 egeriS‚
2412 1822 2419 1828 .

861 1868 1134 1924 Transito
1177 1866 1255 1924 ad
1295 1868 1541 1924 uxorem
1583 1884 1798 1940 meam,
1840 1875 1905 1924 ut
1948 1867 2265 1925 conueniat
2309 1866 2463 1926 hanc
2505 1867 2665 1941 prius
2712 1884 2892 1942 quam

1011 2022 1018 2028 ,
1347 1963 1484 2022 hinc
1514 1964 1654 2022 abit.

545 2061 662 2119 720
868 2063 1047 2120 Dicat
1075 2081 1207 2120 eam
1237 2061 1380 2120 dare
1409 2080 1520 2120 nos
1549 2061 1895 2120 Phormioni
1924 2065 2194 2137 nuptum,
2222 2081 2299 2132 ne
2329 2064 2663 2121 suscenseat
2682 2081 2701 2135 ;

868 2162 945 2218 Et
974 2161 1160 2235 magis
1191 2177 1318 2218 esse
1347 2159 1509 2217 illum
1535 2159 1838 2231 idoneum,
1868 2160 1968 2234 qui
1996 2160 2109 2235 ipsi
2137 2161 2210 2218 sit
2240 2159 2576 2218 familiarior
2596 2180 2614 2232 3

867 2259 994 2315 Nos
1022 2261 1225 2316 nostro
1252 2257 1452 2314 officio
1481 2260 1602 2315 non
1633 2255 1929 2332 digressos
1958 2259 2086 2315 esse
2110 2280 2122 2315 :
2167 2243 2452 2332 quantum
2480 2256 2529 2314 is
2557 2257 2827 2329 uoluerit,
3006 2284 3065 2315 10

867 2356 1088 2413 Datum
1129 2356 1256 2412 esse
1300 2352 1472 2412 dotis.
1558 2356 1675 2413 DE.
1721 2353 1882 2428 Quid
1925 2362 2025 2411 tua
2066 2355 2287 2412 malum
2328 2352 2392 2412 id
2434 2355 2497 2412 re
2540 2354 2692 2412 fert?
2772 2354 2889 2412 CH.

1348 2453 1570 2527 Magni,
1601 2451 1925 2526 Demipho,

867 2551 1006 2607 Non
1029 2550 1166 2607 satis
1190 2559 1278 2607 est
1301 2559 1465 2607 tuom
1489 2559 1547 2606 te
1571 2549 1829 2608 officium
1853 2549 2081 2624 fecisse,
2100 2549 2162 2608 id
2184 2551 2371 2608 sinon
2388 2550 2544 2608 fama
2562 2550 2886 2625 adprobat:

544 2648 580 2704 7
584 2645 660 2703 25
866 2646 1020 2703 Volo
1047 2647 1228 2721 ipsius
1257 2665 1493 2720 quoque
1523 2647 1826 2705 uoluntate
1856 2648 2005 2705 haec
2035 2647 2179 2720 fieri,
2210 2649 2284 2704 ne
2320 2666 2383 2705 se
2428 2647 2679 2706 eiectam
2720 2649 2889 2722 prae-

1345 2744 1523 2803 dicet.

723 2843 837 2898 DE.
870 2841 1042 2898 Idem
1086 2844 1198 2916 ego
1241 2841 1391 2899 istuc
1434 2841 1627 2900 facere
1671 2845 1930 2918 possum.
2015 2842 2132 2901 CH.
2180 2842 2397 2900 Mulier
2437 2842 2663 2900 mulieri
2704 2843 2889 2916 magis

1349 2940 1647 2998 conuenit.

619 3065 624 3070 ·
721 3038 834 3093 DE.
867 3037 1139 3110 Rogabo
1219 3037 1506 3114 (Exeunt
1526 3038 1816 3095 DEMIPHO
1850 3039 1982 3094 and
2015 3039 2187 3096 GETA
2230 3045 2286 3094 to
2328 3039 2573 3109 Forum,
2594 3039 2694 3114 R.)
2772 3036 2891 3095 CH.

1357 3133 1787 3210 (thoughffully,
1828 3143 1884 3192 to
1925 3134 2173 3209 himself
2174 3134 2200 3211 )
2250 3135 2367 3192 Vbi
2410 3135 2533 3192 illas
2574 3137 2733 3192 nunc
2776 3151 2893 3208 ego

1349 3234 1604 3306 reperire
1633 3232 1877 3308 possim,
1906 3232 2127 3308 cogito·

1653 3404 1847 3461 SCENE
1890 3407 1946 3463 6.

545 3531 850 3591 SOPHRONA,
876 3547 1024 3581 nurse
1047 3531 1107 3580 of
1133 3532 1219 3581 the
1241 3548 1413 3596 young
1433 3540 1659 3596 stranger
1682 3535 1848 3583 whom
1870 3536 2120 3582 ANTIPHO
2142 3533 2235 3583 has
2258 3533 2489 3594 married,
2514 3533 2659 3582 while
2683 3533 2974 3597 expressing
3000 3533 3055 3582 in

626 3613 871 3678 soliloquy
891 3614 983 3663 her
1006 3614 1112 3663 sear
1135 3614 1210 3663 for
1233 3615 1320 3663 the
1344 3615 1510 3668 future
1533 3615 1805 3679 happiness
1828 3616 1886 3664 os
1914 3617 2003 3664 her
2026 3617 2227 3693 charge,
2252 3632 2320 3664 on
2355 3621 2569 3665 account
2603 3615 2662 3664 os
2690 3616 2781 3664 her
2804 3614 3055 3680 unkindly
