3259 4134
326 317 335 320 ·
367 299 606 372 iiis-33]
1449 295 1812 350 PHORMIO.
2828 301 2891 355 25

377 514 428 564 ις
475 507 482 520 ’
697 483 871 547 Cedo
899 484 1062 558 dum,
1091 501 1451 559 enumquam
1491 481 1833 540 iniuriarum
1875 479 2088 540 audisti
2129 479 2273 540 mihi
2313 482 2591 558 scriptam
2634 482 2720 542 di-

1018 582 1194 640 cam?

553 687 667 745 GE.
698 684 817 759 Qui
844 659 1038 740 istuc?
1119 681 1228 738 ΡΗ.
1259 677 1416 753 Quia
1435 695 1557 737 non
1578 679 1707 736 rete
1738 675 2005 751 accipitri
2026 677 2285 736 tenuitur
2304 695 2498 752 neque
2523 681 2721 756 miluo,
2765 682 2885 742 330

699 782 819 857 Qui
846 779 999 837 male
1028 777 1251 836 faciunt
1277 774 1450 835 nobis
1473 795 1504 833 τ’
1531 773 1643 833 illis
1670 777 1772 850 qul
1790 773 1943 832 nihil
1974 773 2195 832 faciunt
2227 777 2501 850 tenuitur,

679 879 852 954 Quia
879 877 1037 935 enim
1065 876 1126 934 in
1152 875 1264 934 illis
1293 874 1512 933 fructus
1541 881 1649 946 est,
1679 873 1741 930 in
1768 871 1877 950 illis
1908 891 2089 948 opera
2120 872 2361 933 luditur.

698 966 846 1036 Aliis
873 972 1111 1033 aliunde
1139 975 1228 1032 est
1256 972 1560 1049 periclum,
1589 970 1751 1031 unde
1780 969 2002 1046 aliquid
2034 971 2238 1031 abradi
2270 983 2504 1048 potest:

377 1102 434 1133 20
487 1087 496 1094 '
645 1099 652 1108 ·
695 1073 847 1133 Mihi
875 1074 1067 1132 sciunt
1093 1071 1176 1130 nil
1203 1074 1351 1131 esse.
1434 1069 1599 1129 dices
1628 1075 1646 1102 ‘
1665 1070 1890 1130 ducent
1920 1068 2266 1130 damnatum
2299 1072 2547 1131 domum
2567 1075 2581 1100 ’
2606 1096 2619 1131 :

700 1161 878 1231 Alere
906 1171 1113 1256 nolunt
1141 1170 1446 1229 hominem
1472 1169 1745 1242 edacem,
1776 1178 1837 1228 et
1865 1169 2097 1245 sapiunt
2130 1190 2264 1229 mea
2294 1172 2605 1244 sententia,
2770 1170 2890 1230 335

699 1271 814 1328 Pro
841 1269 1134 1328 maleficio
1163 1271 1212 1327 si
1239 1268 1594 1328 beneficium
1625 1271 1923 1327 summum
1953 1268 2161 1328 nolunt
2194 1269 2465 1328 reddere.

557 1368 668 1427 Gn.
700 1367 758 1425 N
761 1370 841 1426 on
866 1376 1005 1443 pote
1033 1366 1170 1425 satis
1200 1384 1309 1443 pro
1338 1367 1549 1426 merito
1578 1366 1657 1426 ab
1683 1366 1782 1426 illo
1811 1367 1916 1426 tibi
1946 1365 2150 1425 referri
2181 1368 2384 1443 gratia.

559 1467 666 1524 ΡΗ.
698 1449 896 1524 Ῐῐῐιωο
922 1465 1083 1523 enim
1112 1482 1292 1523 nemo
1319 1465 1457 1524 satis
1486 1482 1596 1540 pro
1624 1465 1834 1523 merito
1864 1465 2110 1541 gratiam
2142 1469 2263 1541 regi
2292 1465 2487 1524 refert.

379 1588 432 1636 ²5
487 1572 500 1596 ¹
531 1589 536 1596 ·
698 1565 873 1622 Tene⁴
895 1563 1264 1639 asymbolum
1291 1562 1494 1621 uenire
1524 1573 1769 1622 unctum
1797 1565 1976 1638 atque
2006 1563 2226 1621 lautum
2259 1582 2292 1621 e
2321 1563 2583 1634 balineis,

485 1661 495 1670 '
701 1645 976 1720 Otiosum
1003 1660 1083 1720 ab
1109 1660 1330 1734 animO,
1359 1679 1543 1736 quom
1572 1661 1670 1719 ille
1698 1670 1759 1720 et
1785 1664 1929 1719 cura
1958 1670 2018 1720 et
2046 1671 2282 1736 sumptu
2312 1661 2636 1719 absumitur
2660 1663 2673 1718 l
2768 1658 2887 1717 340

703 1759 864 1816 Dum
894 1759 999 1818 tibi
1027 1759 1094 1818 fit
1121 1757 1284 1833 quod
1316 1758 1565 1834 placeat,
1595 1758 1691 1818 ille
1721 1759 1999 1835 ringitur:
2046 1768 2109 1817 tu
2137 1757 2349 1831 rideaS,

642 1887 646 1892 ι
704 1845 869 1914 Prior
895 1855 1081 1929 bibas,
1109 1857 1270 1934 prior
1297 1854 1622 1916 decumbas
1644 1877 1661 1930 ;
1706 1858 1857 1915 cena
1883 1856 2065 1916 dubia
2093 1855 2427 1932 adponitur.

494 1939 675 2013 scm.
705 1952 868 2027 Quid
908 1952 1057 2012 istuc
1099 1953 1363 2013 uerbist?
1445 1955 1555 2013 ΡΗ.
1583 1938 1701 2014 Vbi
1742 1963 1805 2013 tu
1848 1954 2084 2014 dubites
2125 1953 2268 2029 quid
2311 1971 2507 2012 sumas
2545 1955 2725 2028 potis-

1187 2070 1439 2110 sumum.

383 2174 441 2222 30
705 2150 878 2207 Haec
905 2166 1087 2224 quom
1117 2149 1406 2207 rationem
1449 2151 1611 2208 ineas
1652 2167 1831 2224 quam
1875 2150 1990 2208 sint
2030 2147 2231 2208 suauia
2273 2158 2333 2207 et
2374 2167 2552 2223 quam
2594 2150 2731 2206 cara

687 2253 692 2260 ’
1187 2246 1321 2319 sint,

492 2364 522 2377 ··
597 2371 604 2376 ·
705 2329 795 2401 Ea
821 2343 924 2418 qui
953 2344 1219 2418 praebet,
1240 2347 1364 2402 non
1392 2352 1456 2402 tu
1484 2343 1642 2402 hunc
1672 2344 1890 2404 habeas
1918 2345 2091 2419 plane
2114 2346 2487 2418 praesentem
2509 2342 2733 2401 deum?
2770 2341 2890 2400 345

562 2442 676 2501 GE.
715 2441 938 2519 (seeing
962 2443 1250 2500 DEMIPHO
1271 2440 1527 2517 coming)
1559 2443 1751 2501 Senex
1772 2441 1940 2500 adest
1965 2464 1976 2501 :
2010 2440 2147 2499 uide
2170 2440 2317 2516 quid
2338 2459 2476 2518 agas
2500 2462 2511 2499 ι
2545 2441 2733 2517 prima

1188 2539 1424 2598 coitiost
1453 2541 1776 2598 acerruma.

708 2636 768 2695 Si
796 2639 929 2696 eam
957 2637 1315 2710 sustinueris,
1345 2636 1580 2713 postilla
1607 2637 1745 2710 iam,
1775 2640 1842 2695 ut
1868 2637 2048 2710 lubet,
2079 2635 2246 2695 ludas
2274 2637 2429 2696 licet.

1737 2732 1930 2813 (Deey
1960 2736 2133 2792 retire
2162 2743 2217 2792 to
2245 2734 2392 2792 back
2419 2732 2492 2807 of
2516 2730 2722 2809 stage.)

1495 2919 1692 2980 SCENE
1739 2937 1791 2979 2.

387 3065 650 3113 DEMIPHO
671 3064 764 3113 has
785 3064 939 3114 taken
962 3049 1074 3114 care
1097 3069 1151 3114 to
1174 3065 1381 3129 provide
1399 3063 1604 3114 himself
1620 3064 1740 3113 with
1759 3064 1899 3114 three
1918 3064 2105 3113 friends
2122 3067 2175 3112 to
2194 3060 2364 3110 advise
2381 3059 2487 3108 him
2504 3059 2556 3108 in
2573 3058 2651 3107 his
2668 3056 2895 3119 dealings

469 3147 590 3196 with
616 3146 890 3195 PHO'RMIO.
956 3148 1038 3195 He
1059 3146 1346 3210 challenges
1366 3147 1451 3196 the
1471 3147 1615 3196 latter
1635 3147 1687 3196 in
1707 3147 1836 3196 their
1854 3163 2093 3211 presence
2111 3153 2164 3195 to
2181 3159 2334 3209 prove
2352 3142 2645 3192 ANTIPHO'S
2664 3139 2894 3189 relation·

469 3229 584 3296 skip
605 3235 658 3279 to
682 3230 769 3278 the
792 3229 900 3292 girl.
971 3230 1228 3279 PHORMIO
1250 3237 1428 3280 retorts
1450 3231 1559 3280 that
1582 3230 1649 3279 he
1674 3231 1765 3279 has
1787 3232 1920 3279 done
1956 3246 2013 3278 so
2046 3229 2247 3291 already
2270 3228 2323 3276 in
2347 3243 2378 3276 a
2410 3232 2552 3275 court
2585 3223 2643 3272 of
2671 3224 2765 3272 law
2774 3243 2789 3284 ;
2833 3224 2897 3272 he

469 3313 660 3364 further
683 3314 886 3374 refuseS,
904 3315 1024 3364 with
1047 3331 1077 3364 a
1098 3322 1238 3379 great
1260 3316 1402 3364 show
1419 3317 1478 3365 os
1493 3317 1827 3380 indignation,
1847 3323 1901 3365 to
1924 3322 2103 3380 accept
2128 3316 2431 3364 DEMIPHO’S
2454 3313 2573 3361 offer
2599 3319 2652 3361 to
2677 3327 2775 3377 pay
2792 3310 2897 3359 him

471 3397 556 3446 the
580 3397 716 3461 girl’s
729 3399 908 3462 slowry
931 3414 998 3448 on
1021 3399 1281 3448 condition
1309 3399 1368 3448 of
1396 3400 1474 3450 his
1495 3401 1747 3464 marrying
1768 3401 1859 3450 her
1881 3400 2098 3458 himself,
2122 3400 2223 3448 and
2246 3398 2361 3447 thus
2384 3397 2575 3460 sreeing
2599 3398 2863 3445 ΑΝΤῙΡΗΟ.

395 3527 629 3608 [Enter
675 3511 961 3599 DEM11⁵³H0
1004 3535 1149 3593 with
1201 3535 1294 3594 his
1344 3535 1500 3593 three
1529 3535 1793 3609 friends,
1820 3534 1991 3608 from
2036 3535 2283 3605 Forum,
2331 3550 2387 3591 R.
2480 3533 2633 3608 They
2676 3534 2749 3589 do
2800 3537 2907 3589 not

486 3630 720 3689 observe
747 3632 1031 3690 PHORMIO
1061 3633 1194 3690 and
1213 3634 1402 3707 GETA,
1434 3634 1568 3692 who
1597 3633 1662 3691 in
1694 3641 1833 3690 turn
1851 3631 2111 3707 pretend
2131 3638 2239 3689 not
2254 3637 2310 3688 to
2339 3649 2428 3687 see
2456 3625 2799 3706 DEMIPHO.]
