3259 4134
579 1886 629 1924 10

577 2375 624 2413 15

1141 767 1164 813 x
1388 717 1874 780 PROLOGVS.

822 895 1142 972 Postquam
1171 895 1351 971 poeta
1376 895 1557 954 sensit
1584 896 1934 972 scripturam
1962 915 2127 957 suam

819 994 914 1052 Ab
941 993 1154 1070 iniquis
1181 993 1478 1052 obseruiui
1507 1003 1568 1053 et
1595 994 1965 1054 aduorsarios

821 1092 1057 1167 Rapere
1085 1094 1146 1150 in
1173 1091 1438 1167 peiorem
1466 1093 1698 1168 partem
1728 1110 1906 1168 quam
1937 1095 2123 1151 acturi
2149 1111 2351 1153 sumus

820 1206 855 1242 ιι
1021 1206 1056 1242 ιι
1221 1207 1256 1243 ιι
1422 1208 1457 1244 ιι
1623 1207 1659 1243 ιι
1826 1207 1861 1242 ι
2027 1208 2062 1244 ιι
2228 1208 2263 1243 ι

821 1287 914 1344 De
944 1303 1006 1344 se
1035 1288 1168 1368 ipse
1190 1285 1414 1345 indicio
1443 1290 1570 1359 erit,
1599 1305 1707 1346 uos
1736 1287 1895 1346 eritis
1924 1286 2170 1361 iudiceS,

819 1383 1046 1442 Laudin
1074 1403 1150 1442 an
1179 1385 1325 1443 uitio
1353 1383 1494 1444 duci
1524 1385 1586 1442 id
1617 1386 1837 1444 factum
1870 1389 2159 1461 oporteat.
2645 1408 2675 1464 5

819 1481 1436 1557 Synapothnescontes
1466 1482 1692 1558 Diphili
1721 1482 2131 1556 comoediast3

821 1579 972 1636 Eam
1001 1580 1460 1639 Commorientis
1494 1580 1727 1638 Plautus
1758 1580 1896 1637 fecit
1929 1579 2203 1639 fabulam.

821 1677 894 1734 In
922 1677 1154 1735 Graeca
1181 1676 1528 1736 adulescens
1557 1681 1663 1748 est,
1696 1678 1797 1751 qui
1825 1677 2024 1734 leno'ni
2054 1676 2226 1752 eripit

819 1774 1195 1832 Meretricem
1225 1775 1284 1832 in
1315 1775 1504 1849 prima
1533 1775 1727 1832 fabula
1750 1795 1765 1844 3
1809 1788 1945 1832 eum
1980 1774 2216 1834 Plautiis
2245 1774 2443 1833 locum

815 1871 1076 1945 Reliquit
1105 1872 1395 1946 integrum
1417 1892 1434 1943 3
1474 1889 1612 1928 eum
1641 1871 1736 1928 hic
1766 1871 1965 1928 locum
1996 1875 2245 1947 sumpsit
2273 1871 2384 1930 sibi
2558 1887 2562 1892 ’
2610 1891 2679 1930 ιο

818 1969 890 2026 In
916 1968 1242 2044 Adelphos,
1272 1969 1516 2027 uerbum
1548 1968 1626 2026 de
1656 1969 1839 2027 uerbo
1869 1987 2211 2044 expressum
2240 1968 2462 2028 extulit.

820 2067 967 2124 Eam
999 2071 1108 2142 nos
1137 2067 1320 2124 acturi
1351 2069 1550 2124 sumus
1579 2084 1795 2124 nouam
1822 2089 1834 2125 :
1882 2066 2215 2141 pernoscite
2290 2077 2296 2081 *
2418 2051 2423 2058 ⁴

819 2157 1137 2222 Furtumne
1168 2164 1386 2222 factum
1418 2164 1779 2221 existumetis
1808 2166 1885 2222 an
1915 2164 2113 2222 locum

817 2261 1205 2337 Reprensum‚
1235 2262 1334 2335 qui
1365 2261 1708 2336 praeteritus
1736 2260 2178 2335 neclegentiast.

815 2360 967 2416 Nam
999 2359 1162 2434 quod
1193 2358 1284 2416 isti
1313 2358 1520 2416 dicunt
1550 2358 1826 2429 miiliuoli,
1858 2358 2129 2415 homines
2157 2357 2371 2416 nobilis
2601 2377 2668 2437 15

815 2458 999 2514 Hunc
1025 2455 1286 2514 ⁴adiutare
1317 2455 1680 2529 adsidueque
1710 2473 1828 2513 una
1856 2455 2108 2513 scribere
2134 2476 2146 2512 :

816 2553 995 2628 Quod
1025 2554 1104 2612 illi
1134 2552 1515 2611 maledictum
1546 2553 1868 2610 uehemens
1898 2570 2026 2610 esse
2057 2555 2429 2624 existumant,

818 2652 967 2708 Eam
996 2650 1232 2710 laudem
1263 2651 1358 2708 hic
1387 2650 1552 2708 ducit
1582 2653 1935 2720 maxumam,
1969 2667 2149 2723 quom
2178 2649 2287 2708 illis
2316 2649 2531 2724 placet,

814 2748 933 2823 Qui
960 2749 1130 2808 uobis
1162 2749 1447 2807 uniuorsis
1476 2757 1536 2806 et
1565 2747 1787 2822 populo
1818 2747 2071 2822 placent,

810 2845 1078 2920 Quorum
1106 2850 1289 2921 opera
1315 2847 1374 2903 in
1403 2846 1578 2916 bello,
1609 2846 1670 2903 in
1700 2845 1842 2916 oti0,
1874 2845 1933 2901 in
1963 2843 2205 2918 negotio
2598 2863 2675 2902 20

811 2945 928 3004 Suo
957 2947 1203 3020 quisque
1227 2954 1503 3019 ,tempore
1535 2947 1696 3002 usust
1726 2943 1850 3000 sine
1880 2942 2168 3018 superbia:

811 3042 1046 3102 Dehinc
1075 3061 1150 3101 ne
1180 3043 1503 3118 expectetis
1532 3044 1943 3117 Argumentum
1973 3039 2202 3098 fabulae
2226 3060 2240 3097 z

811 3141 988 3198 Senes
1019 3141 1118 3215 qui
1149 3140 1321 3216 primi
1350 3141 1606 3212 uenient,
1638 3141 1691 3198 ei
1724 3150 1953 3216 partem
1983 3138 2264 3213 Aperient,

813 3238 884 3295 In
911 3238 1143 3312 agendo
1173 3249 1401 3314 partem
1431 3237 1763 3297 ostendent.
1825 3238 1998 3296 facite
2028 3235 2450 3310 aequanimitas

812 3354 847 3389 1·
1012 3355 1047 3390 1
1213 3355 1248 3390 1
1414 3354 1449 3389 1
1614 3354 1650 3389 1·
1816 3353 1851 3388 1·
2017 3353 2052 3388 1
2217 3351 2252 3386 1

811 3430 1028 3494 Poetae
1057 3431 1136 3492 ad
1166 3430 1546 3492 scribendum
1575 3435 1787 3508 augeat
1815 3431 2179 3491 industn‘am.
2594 3448 2666 3510 25
