3259 4134
253 265 441 330 i.2.99.]
1321 261 1687 310 PHORMIO.
2705 259 2767 312 13

424 444 542 502 DA.
572 443 733 516 Non,
762 445 812 500 sl
839 440 1106 514 redisset,
1137 444 1193 500 ei
1220 451 1390 524 pater
1417 440 1653 500 ueniAm
1682 439 1896 499 daret?
2067 495 2070 497 .

251 565 304 612 70
423 542 540 602 ΟΕ.
571 540 679 600 Ille
707 538 1037 602 indotatam
1065 537 1352 615 uirginem
1381 547 1558 614 atque
1588 537 1909 614 ignobilem
2176 574 2178 578 -
2648 539 2765 600 120

571 640 756 697 Daret
781 636 905 696 illi?
943 654 1269 712 numquam
1300 636 1539 696 faceret.
1624 637 1741 694 DA.
1787 635 1951 710 Quid
1978 635 2045 714 fit
2072 635 2331 712 denique
2344 636 2379 695 Ρ.

423 737 540 796 ΟΕ.
569 735 732 810 Quid
759 735 864 794 flat
878 736 906 794 Ρ
948 743 1037 794 est
1065 737 1350 812 parasitus
1379 733 1622 810 quidam
1656 732 1955 805 Phormio,

572 835 782 892 Homo
799 831 1153 892 confidens:
1194 830 1488 911 (angrily)
1527 832 1628 908 qui
1660 831 1823 889 illum
1852 831 1915 890 di
1942 849 2153 890 omnes
2182 830 2499 906 perduint!

423 933 542 992 DA.
572 930 736 1005 Quid
763 930 812 988 is
840 930 1025 988 fecit?
1103 931 1218 990 ΟΕ.
1263 931 1405 988 Hoc
1435 929 1747 988 consilium
1775 927 1939 1003 quod
1966 928 2164 988 dicam
2192 928 2397 990 dedit:

245 1055 298 1104 75
571 1033 587 1060 ‘
605 1029 732 1088 Lex
760 1029 849 1087 est
875 1037 941 1086 ut
967 1027 1168 1100 orbae,
1200 1030 1300 1103 qui
1330 1027 1446 1086 sint
1474 1045 1693 1103 genere
1722 1027 2013 1100 proxumi,
2644 1025 2759 1084 125

571 1125 675 1186 Eis
701 1126 946 1198 nubant,
976 1133 1037 1184 et
1064 1125 1193 1183 illos
1221 1123 1442 1183 ducere
1475 1123 1687 1183 eadem
1716 1124 1865 1182 haec
1893 1124 1989 1182 lex
2015 1123 2196 1184 iubet.
2396 1113 2407 1135 ¹

571 1225 704 1300 Ego
732 1205 792 1281 te
821 1232 1140 1299 cognatum
1170 1221 1367 1280 dicam
1399 1232 1459 1280 et
1487 1222 1593 1281 tibi
1623 1221 1876 1280 scribam
1905 1221 2105 1280 dicam
2124 1243 2145 1296 3

571 1322 886 1380 Paternum
914 1320 1172 1378 amicum
1201 1337 1296 1377 me
1327 1317 1695 1378 adsimulabo
1721 1318 1994 1394 uirginis:

568 1417 664 1478 Ad
690 1417 916 1476 iudices
948 1417 1289 1476 ueniemus:
1337 1417 1438 1492 qui
1470 1417 1641 1474 fuerit
1670 1426 1854 1492 pater,

241 1531 303 1578 80
572 1517 743 1591 Quae
772 1516 976 1588 mater,
1006 1515 1108 1590 qui
1136 1515 1390 1590 cognata
1420 1514 1524 1574 tibi
1555 1514 1646 1586 sit,
1678 1514 1877 1572 omnia
1904 1514 2054 1572 haec
2640 1517 2757 1577 130

569 1613 924 1690 Confingam
948 1634 960 1670 :
1005 1611 1170 1688 quod
1199 1612 1310 1671 erit
1339 1611 1480 1670 mihi
1509 1612 1733 1671 bonum
1762 1619 1939 1686 atque
1968 1610 2375 1686 commodum,

463 1696 469 1702 ’
572 1712 773 1786 Quom
800 1720 865 1769 tu
892 1711 1104 1769 horum
1132 1710 1215 1768 nil
1242 1709 1490 1783 refelles,
1518 1709 1755 1767 uincam
1785 1709 2026 1768 scilicet.

573 1811 748 1868 Pater
773 1807 1001 1867 Aderit:
1047 1807 1192 1866 mihi
1221 1810 1458 1883 paratae
1487 1808 1617 1867 lites
1642 1829 1653 1866 ε
1700 1805 1845 1883 quid
1875 1808 2049 1866 mea?

571 1906 681 1964 Illa
706 1905 948 1983 quidem
976 1914 1178 1964 nostra
1205 1907 1353 1965 erit!
1439 1907 1552 1964 DA.
1599 1905 1932 1963 Iocularem
1960 1904 2268 1964 audaciam
2295 1907 2308 1964 Ξ

238 2021 295 2080 85
430 2005 544 2064 ΟΕ.
577 2005 979 2063 Persuasumst
1007 2003 1268 2062 homini:
1316 2003 1626 2062 factumst:
1673 2010 2007 2061 uentumst:
2051 2003 2376 2063 uincimur:
2638 2007 2752 2065 135

574 2103 774 2160 Duxit.
858 2103 973 2160 DA.
1023 2100 1186 2175 Quid
1227 2118 1425 2160 narras
1440 2101 1468 2159 Ρ
1548 2101 1664 2160 ΟΕ.
1714 2101 1857 2158 Hoc
1898 2099 2063 2175 quod
2104 2100 2290 2160 audis.
2361 2103 2489 2162 ‘DA.
2536 2087 2595 2163 ό

1051 2200 1226 2271 Geta,

571 2295 734 2376 Quid
762 2298 822 2357 te
851 2297 1205 2356 futurumst?
1285 2297 1396 2356 GE.
1443 2296 1666 2355 Nescio
1696 2295 1891 2354 hercle
1914 2316 1932 2369 3
1974 2314 2157 2354 unum
2186 2296 2302 2355 hbe
2331 2297 2474 2371 sci0,

506 2403 511 2408 '
572 2393 754 2470 Quod
785 2396 901 2455 fors
929 2395 1096 2468 feret,
1128 2395 1380 2454 feremus
1407 2412 1600 2470 aeq-uo
1629 2394 1847 2453 animo.
1933 2396 2046 2453 DA.
2092 2395 2327 2454 Placet:

571 2494 706 2566 Em,
734 2493 885 2552 istuc
911 2493 1076 2552 uirist
1103 2493 1382 2552 officium.
1467 2494 1582 2552 ΟΕ.
1627 2494 1700 2551 In
1730 2511 1825 2550 me
1856 2493 2047 2552 omnis
2075 2495 2211 2569 spes
2237 2493 2455 2554 mihist.

232 2621 296 2666 90
425 2591 541 2648 DA.
573 2589 798 2649 Laud0.
881 2592 996 2650 ΟΕ.
1040 2580 1140 2649 Ad
1170 2600 1540 2665 precatorem
1570 2590 1785 2650 adeam
1813 2590 2017 2664 credo,
2046 2594 2148 2666 qui
2176 2591 2321 2650 mihi
2640 2593 2755 2650 140

571 2687 666 2747 Sic
695 2691 859 2747 oret:
905 2691 922 2720 ‘
941 2705 1098 2746 nunc
1126 2691 1329 2746 amitte
1357 2706 1579 2763 quaeso
1607 2689 1767 2746 hunc
1787 2709 1805 2762 3
1848 2690 2113 2747 ceterum

570 2785 825 2844 Posthac
853 2785 902 2844 si
929 2785 1267 2861 quicquam,
1297 2786 1379 2844 nil
1409 2788 1658 2860 precor)
1743 2789 1972 2845 tantum
2004 2785 2188 2846 modo

573 2883 631 2942 N
635 2900 715 2941 on
742 2881 944 2943 addit:
991 2886 1008 2915 ‘
1025 2883 1128 2943 ubi
1159 2901 1270 2960 ego
1299 2884 1436 2942 hinc
1465 2883 1689 2957 abiero,
1714 2884 1813 2942 uel
1841 2883 2139 2944 occidito!

429 2980 545 3039 DA.
575 2979 738 3054 Quid
764 2979 1146 3057 paedagogus
1173 2981 1287 3054 ille,
1318 2981 1420 3057 qui
1448 2981 1858 3041 citharistriam
1873 2983 1900 3039 ?

224 3106 284 3156 95
576 3075 739 3151 Quid
767 3080 851 3136 rei
876 3078 1027 3154 gerit
1041 3079 1069 3137 Ρ
1150 3079 1263 3138 ΟΕ.
1295 3079 1472 3157 (with
1494 3099 1533 3138 a
1561 3077 1775 3156 shrug)
1805 3079 1919 3152 Sic,
1942 3079 2211 3138 tenuiter.
2294 3080 2410 3139 DA.
2453 3079 2595 3140 Non
2640 3079 2753 3138 145

1051 3176 1300 3236 multum
1328 3176 1510 3238 habet

573 3269 753 3346 Quod
781 3270 886 3331 det
914 3272 1203 3332 fortasse?
1284 3275 1397 3334 ΟΕ.
1442 3259 1639 3334 immo
1669 3274 1750 3333 nil
1776 3274 1889 3333 nisi
1918 3276 2086 3351 spem
2115 3292 2359 3333 meram.

428 3368 544 3426 DA.
575 3369 748 3427 Pater
775 3370 898 3428 eius
927 3369 1104 3429 rediit
1132 3373 1209 3430 an
1237 3373 1400 3430 non?
1467 3373 1580 3432 ΟΕ.
1612 3373 1755 3431 Non
1782 3372 1944 3431 dum.
2017 3374 2131 3431 DA.
2163 3370 2369 3447 Quid?
2393 3388 2598 3431 senem

572 3465 788 3540 Quoad
819 3469 1144 3544 expectatis
1171 3473 1434 3528 nostrum
1451 3470 1478 3525 Ρ
1558 3469 1673 3528 ΟΕ.
1718 3470 1858 3528 Non
1888 3472 2113 3528 certum
2140 3468 2285 3535 seio,

571 3561 690 3623 Sed
719 3565 1029 3641 epistulam
1057 3567 1134 3626 ab
1161 3584 1236 3625 eo
1263 3565 1523 3625 adlatam
1555 3584 1683 3626 esse
1714 3565 1914 3626 audiui
1943 3565 2126 3627 modo
