3259 4134
415 326 484 376 40
1141 325 1298 374 HEA
1317 325 1527 375 VTON
1572 322 1816 374 TJMOR
1830 323 2148 373 VMENOS.
2722 320 2878 385 [iii-7·
2882 333 2928 384 3.

416 507 534 567 710
739 508 859 583 Qui
885 507 1008 565 uim
1038 516 1261 565 tantam
1290 507 1352 565 in
1381 525 1476 565 me
1506 509 1566 565 et
1594 515 1954 582 potestatem
1984 504 2235 563 hAbeam
2264 511 2462 560 tantae
2490 501 2758 576 astutiae,

733 607 890 664 Vera
919 603 1178 664 dicendo
1206 607 1272 663 ut
1301 623 1402 663 eos
1432 605 1639 663 ambos
1668 605 1864 662 fallam
1889 626 1901 662 :
1944 613 2010 661 ut
2039 621 2222 678 quom
2249 603 2445 659 narret
2472 617 2653 658 senex

732 707 946 764 Vester
972 714 1174 764 nostro
1205 722 1332 763 esse
1362 708 1532 762 istam
1561 705 1815 762 amicam
1843 704 2021 780 gnati,
2050 721 2172 761 non
2200 701 2406 760 credat
2432 709 2649 758 tamen.

588 805 694 864 CL.
743 802 1165 882 (impatiently)
1203 793 1288 861 Ᾰῐ
1311 802 1468 861 enim
1491 819 1661 878 spem
1688 802 1839 860 istoc
1860 803 2040 876 pacto
2061 818 2287 858 rursum
2315 799 2653 875 nuptiarum
2679 817 2925 857 omnem

1177 901 1392 977 &Pisi
2868 923 2922 970 35

735 1001 893 1058 Natu
923 998 1066 1057 dum
1095 999 1347 1057 amicam
1377 1000 1529 1056 hanc
1559 1001 1755 1056 meam
1784 1015 1913 1056 esse
1942 995 2166 1069 credet,
2196 999 2319 1054 non
2347 995 2680 1054 committet
2719 995 2922 1054 filiam.

412 1095 531 1155 715
743 1095 1012 1175 (sulkily)
1048 1099 1140 1155 Tu
1173 1097 1290 1155 fors
1318 1096 1463 1172 quid
1492 1115 1589 1154 me
1618 1096 1726 1153 fiat
1752 1095 1921 1170 parui
1945 1093 2177 1171 pendis,
2207 1093 2352 1152 dum
2382 1093 2462 1151 illi
2490 1093 2777 1152 consulas,

587 1194 684 1253 SY.
740 1192 960 1270 (lesing
980 1195 1075 1252 his
1105 1193 1349 1270 temper)
1389 1193 1551 1268 Quid
1585 1195 1806 1251 malum
1840 1211 1938 1250 me
1980 1194 2235 1250 aetatem
2278 1208 2484 1249 censes
2526 1191 2678 1249 uelle
2715 1189 2779 1248 id
2816 1189 2922 1248 ad-

1177 1292 1541 1350 simulatier?

734 1374 897 1447 Vnus
927 1399 1017 1448 est
1043 1389 1191 1463 dies,
1224 1389 1367 1448 dum
1396 1399 1701 1464 argentum
1733 1388 1919 1464 eripio
1944 1409 1956 1446 z
2002 1405 2120 1464 pax
2144 1409 2156 1446 :
2201 1388 2283 1445 nil
2312 1385 2581 1462 amplius.

588 1488 695 1547 CL.
743 1484 1127 1564 (doubffully)
1163 1489 1422 1546 Tantum
1467 1496 1555 1545 sat
1596 1486 1824 1545 habes?
1871 1485 2015 1560 quid
2056 1495 2180 1543 tum
2223 1502 2461 1559 quaeSO,
2504 1484 2553 1542 si
2595 1483 2713 1542 hbe
2754 1493 2925 1559 pater

955 1569 960 1572 ’
1176 1585 1520 1643 resciuerit?
1664 1611 1667 1614 ·
2865 1609 2924 1652 40

588 1684 683 1743 Sv.
743 1683 1292 1761 (contemptuously)
1330 1681 1493 1756 Quid
1533 1682 1583 1740 si
1624 1682 1809 1740 redeo
1852 1680 1929 1739 ad
1973 1681 2101 1739 illos
2142 1681 2245 1755 qui
2285 1680 2449 1739 aiunt
2477 1679 2652 1766 ‘'quid
2686 1679 2735 1738 si
2764 1697 2922 1736 nunc

1177 1781 1408 1839 caelum
1436 1781 1639 1838 ruat?'

415 1880 453 1937 7
453 1877 533 1936 20
589 1879 694 1938 C1..
743 1876 1114 1957 (hesitating)
1181 1880 1391 1937 Metuo
1447 1878 1591 1954 quid
1648 1894 1838 1954 agam.
1942 1877 2038 1936 Sv.
2104 1877 2366 1935 Metuis?
2438 1875 2605 1950 quasi
2666 1893 2789 1933 non
2852 1877 2923 1933 ea

1178 1986 1440 2052 potestas
1467 1979 1541 2034 sit
1569 1985 1687 2048 tua,

739 2075 877 2148 Quo
906 2074 1050 2132 uelis
1080 2074 1141 2132 in
1167 2077 1435 2149 tempore
1463 2083 1530 2131 ut
1558 2083 1618 2131 te
1648 2073 1933 2144 exsoluaS,
1964 2091 2092 2131 rem
2121 2072 2299 2130 facias
2328 2073 2541 2146 palam.

590 2171 698 2230 CL.
747 2171 1062 2249 (yielding)
1114 2162 1265 2248 Age,
1309 2190 1436 2247 age,
1479 2170 1819 2230 traducatur
1859 2170 2128 2229 Bacchis.
2213 2171 2306 2228 ΞΥ.
2359 2168 2623 2246 (looking
2658 2171 2924 2226 towards

1181 2270 1523 2329 CHREMEs's
1549 2268 1725 2346 door)
1764 2253 2027 2344 Optume
2056 2268 2187 2343 ipsa
2214 2270 2332 2326 exit
2360 2267 2531 2325 foras,

1519 2466 1715 2525 SCENE
1764 2483 1816 2541 7.

417 2615 620 2672 Enter
644 2611 816 2686 from
861 2611 1205 2672 CHREMES’S
1244 2615 1424 2672 house
1463 2615 1724 2673 BACCHIS
1766 2615 1900 2671 and
1932 2614 2043 2672 her
2082 2614 2254 2671 maid
2291 2613 2577 2670 PHRYGIA.
2667 2612 2823 2686 They
2849 2612 2921 2668 do

1115 2719 1221 2768 not
1241 2731 1329 2768 see
1358 2713 1570 2770 CLINIA
1598 2712 1732 2769 and
1765 2712 1952 2770 SYRUS
1980 2720 2051 2768 at
2066 2709 2229 2786 first.

419 2859 654 2906 BAccms
678 2859 851 2906 thinks
874 2859 984 2907 that
1009 2859 1178 2908 SYRUS
1201 2859 1292 2908 has
1315 2859 1536 2908 deluded
1558 2859 1649 2908 her
1671 2859 1738 2922 by
1761 2858 1882 2907 false
1916 2858 2171 2922 promises
2244 2858 2344 2907 She
2369 2857 2617 2906 therefore
2640 2858 2811 2906 orders
2831 2857 2923 2905 her

505 2941 639 2988 maid
663 2948 716 2989 to
739 2956 804 3003 go
828 2947 881 2989 to
903 2957 935 2990 a
958 2942 1114 2990 suitor
1137 2941 1195 2990 of
1221 2941 1352 3000 hers,
1377 2943 1479 2990 and
1501 2947 1554 2990 to
1577 2957 1664 3004 say
1682 2942 1790 2990 that
1812 2941 1903 2989 she
1920 2941 2019 2988 will
2038 2956 2181 2989 come
2199 2946 2252 2988 to
2271 2940 2390 2988 him.
2462 2940 2924 2989 SYRUs-c'onvinces

504 3022 595 3071 her
617 3023 676 3071 of
703 3024 782 3071 his
814 3025 951 3086 good
985 3024 1124 3083 saith,
1148 3025 1238 3072 but
1272 3024 1384 3072 tells
1406 3024 1496 3073 her
1520 3025 1627 3072 that
1651 3025 1741 3073 she
1765 3030 1895 3072 must
1928 3039 2075 3072 move
2098 3029 2151 3071 to
2177 3024 2570 3070 MENEDEMUS'S
2604 3023 2777 3080 house,
2802 3023 2923 3070 with

505 3105 570 3153 all
593 3105 685 3153 her
708 3107 1011 3164 attendants,
1034 3107 1088 3154 in
1111 3108 1257 3156 order
1280 3112 1332 3154 to
1357 3106 1546 3155 further
1569 3106 1649 3154 his
1670 3106 1829 3170 plans.
1900 3105 2002 3155 She
2023 3110 2259 3154 >consents
2283 3111 2337 3153 to
2353 3104 2460 3153 this
2482 3111 2848 3168 arrangement.

625 3223 950 3296 BAccffls
1113 3223 1382 3282 CLINIA
1545 3224 1803 3282 Svnvs.
1938 3224 2217 3281 DROMo
2381 3224 2715 3281 PHRYGIA

650 3314 924 3351 MERETRIX
1073 3312 1412 3352 ADVLESCENS
1583 3315 1735 3351 SERVI
2058 3315 2100 3350 11
2430 3314 2661 3350 ANCILLA

419 3437 542 3505 IV4
598 3438 703 3494 BA.
743 3435 832 3513 (to
859 3437 1110 3514 herself)
1149 3437 1297 3497 Satis
1325 3438 1428 3512 pol
1455 3446 1732 3512 proterue
1762 3439 1858 3495 me
1889 3437 2015 3512 Syri
2043 3440 2331 3511 promissa
2357 3437 2473 3495 huc
2500 3414 2874 3508 induxerunt,

741 3535 971 3592 Decem
999 3535 1186 3593 minas
1216 3553 1361 3610 quas
1390 3534 1534 3592 mihi
1561 3535 1703 3593 dare
1732 3535 2070 3610 pollicitust.
2153 3534 2319 3609 quod
2345 3535 2395 3592 si
2423 3535 2470 3593 is
2498 3538 2655 3593 m'inc
2684 3551 2781 3592 me

416 3628 534 3689 725
739 3631 1078 3706 Deceperit,
1109 3649 1286 3708 saepe
1317 3632 1635 3691 obsecrans
1665 3649 1762 3690 me
1792 3641 1857 3690 ut
1883 3632 2122 3690 ueniam
2153 3632 2363 3690 frustra
2388 3631 2589 3690 ueniet
2608 3650 2627 3706 ς

1696 3902 1736 3986 Ι
