3259 4134
373 303 438 354 34
1125 303 1284 352 HEA
1301 303 1350 354 V
1351 303 1402 354 T
1404 303 1514 352 ΟΝ
1559 303 1610 352 Τ
1603 304 1708 353 IM
1708 303 1801 353 OR
1815 303 2039 355 VMEN
2037 303 2133 354 OS.
2343 369 2351 376 .
2648 305 2746 371 [iii.
2749 319 2798 372 3.
2802 319 2885 374 52.

549 485 668 544 ΕΗ.
705 483 954 562 (curtly)
1007 485 1156 543 Fiet.
1259 485 1354 544 Sv.
1398 485 1458 544 Si
1498 485 1732 560 sapias3
1788 503 1930 543 nam
1978 484 2124 544 mihi
2172 485 2290 544 iam
2332 489 2527 546 minus
2566 487 2881 564 minusque

1135 582 1530 657 obtemperat.

373 678 492 739 595
548 680 664 740 ΕΗ.
702 679 1094 759 (pleasantly)
1147 678 1308 754 Quid
1351 689 1413 738 tu
1429 681 1458 738 ?
1504 679 1723 756 ecquid
1772 679 1850 738 de
1898 680 1998 740 illo
2048 679 2214 757 quod
2262 679 2491 740 dudum
2526 683 2739 742 'tecum
2784 683 2883 760 egi

1137 777 1323 853 egisti,
1354 778 1538 853 Syre?

697 875 1037 951 Repperisti
1065 875 1172 933 tibi
1200 873 1364 950 quod
1394 875 1626 950 liaceat
1655 877 1732 934 an
1758 876 1924 934 non?
2002 876 2097 935 Sv.
2142 877 2236 935 De
2266 876 2497 936 fallacia
2823 904 2878 952 35

697 972 903 1030 Dicis?
943 981 1068 1031 est:
1095 972 1315 1030 inueni
1357 990 1548 1048 nuper
1587 971 1905 1048 quandam.
1996 973 2113 1032 ΕΗ.
2165 973 2519 1052 (ἄείιζςῇίειί)
2571 975 2747 1053 Frugi
2787 994 2874 1035 es.

1135 1068 1290 1128 cedo
1319 1070 1462 1145 quid
1491 1072 1622 1129 est?

547 1169 642 1226 Sv.
693 1169 928 1239 Dicam,
957 1185 1163 1225 uerum
1190 1177 1256 1225 ut
1285 1166 1444 1226 aliud
1474 1186 1549 1226 ex
1576 1168 1693 1226 alio
1721 1168 1948 1227 incidit.
2032 1169 2150 1228 ΕΗ.
2194 1167 2357 1242 Quid
2384 1171 2546 1242 niun,
2574 1169 2761 1246 Syre?

547 1266 641 1324 SY.
701 1261 1039 1346 (assuming
1077 1282 1160 1320 an
1206 1264 1310 1320 air
1349 1262 1424 1336 of
1465 1264 1868 1340 indtgnalzbn)
1923 1267 2204 1324 Pessuma
2246 1265 2395 1324 haec
2445 1274 2536 1324 est
2583 1268 2877 1326 meretrix.

1134 1361 1248 1418 ΕΗ.
1298 1361 1392 1418 Ita
1419 1358 1671 1417 uidetur.
1754 1359 1851 1418 Sv.
1894 1359 2093 1418 Immo
2122 1361 2171 1417 si
2198 1359 2366 1417 sciaS.

367 1457 488 1518 600
699 1457 1250 1537 (contemptuously)
1301 1457 1454 1530 veh,
1503 1455 1645 1514 uide
1693 1456 1857 1532 quod
1900 1456 2163 1531 inceptat
2204 1455 2445 1514 facinus,
2531 1456 2880 1533 (shrugging

1133 1555 1227 1613 his
1253 1553 1587 1631 shoulders)
1627 1555 1734 1612 fuit
1762 1552 2057 1628 quaedam
2086 1571 2231 1612 anus
2259 1552 2569 1612 Corinthia

691 1655 812 1711 Hic
837 1675 849 1712 ε
895 1653 1032 1710 huic
1061 1652 1516 1711 drachumarum
1545 1651 1696 1710 haec
1725 1651 1951 1727 argenti
1980 1650 2139 1709 mille
2167 1649 2417 1709 dederat
2444 1653 2734 1711 mutuom.
2818 1679 2878 1722 40

543 1751 660 1810 ΕΗ.
691 1750 852 1824 Quid
882 1751 1050 1808 tum?
1131 1751 1226 1808 ὃν.
1271 1751 1361 1807 Ea
1389 1751 1712 1808 mortuast:
1758 1748 1993 1823 reliquit
2021 1747 2205 1832 filiani
2230 1747 2753 1808 adulescentulam.

690 1833 782 1906 Ea
807 1847 1011 1905 relicta
1037 1847 1176 1904 huic
1204 1846 1531 1905 arrabonist
1562 1863 1674 1922 pro
1708 1846 1807 1904 illo
1836 1854 2100 1922 argento.
2182 1845 2299 1904 ΕΗ.
2336 1844 2655 1924 (nodding)
2693 1847 2874 1907 Intel-

1131 1945 1287 2020 lege.

544 2044 638 2102 Sv.
690 2044 868 2101 Hanc
897 2060 1100 2101 secum
1128 2042 1244 2100 huc
1273 2041 1539 2113 adduxit,
1569 2059 1643 2100 ea
1669 2059 1821 2116 quae
1852 2051 1941 2100 est
1967 2044 2127 2100 nunc
2155 2039 2316 2117 apud
2344 2043 2590 2100 uxorem
2617 2051 2799 2101 tuam.

369 2138 488 2199 605
543 2140 660 2199 ΕΗ.
690 2138 853 2213 Quid
901 2149 1027 2198 tum
1043 2141 1071 2198 ?
1158 2141 1253 2198 SY.
1296 2139 1550 2199 Cliniam
1595 2142 1744 2212 orat,
1794 2138 1907 2198 sibi
1944 2138 2031 2198 uti
2066 2137 2131 2197 id
2170 2141 2331 2196 nunc
2378 2136 2521 2197 det:
2580 2139 2739 2198 illam
2788 2139 2871 2198 illi

1133 2247 1335 2296 tamen

690 2337 832 2394 Post
874 2334 1180 2393 daturam:
1234 2335 1392 2394 mille
1435 2352 1745 2402 nummum
1788 2334 1999 2409 poscit.
2084 2334 2203 2393 ΕΗ.
2246 2335 2326 2392 Et
2366 2337 2551 2410 possit
2591 2333 2880 2410 quidem?

1131 2434 1225 2491 SY.
1270 2433 1414 2504 Hui,
2798 2457 2874 2506 ,45

692 2529 955 2588 Dubium
985 2530 1049 2589 id
1078 2531 1208 2588 est?
1290 2548 1402 2606 ego
1430 2534 1514 2588 sic
1542 2530 1765 2606 putaui.
1850 2529 1967 2589 ΕΗ.
2012 2527 2175 2606 Quid
2201 2547 2359 2588 nunc
2388 2529 2582 2588 facere
2611 2529 2880 2605 cogitas?

544 2627 638 2685 SY.
689 2612 896 2702 Egone
912 2629 940 2685 ?
979 2626 1057 2685 ad
1101 2626 1529 2686 Menedemum
1559 2627 1694 2686 ibo:
1741 2625 1939 2684 dicam
1967 2626 2120 2684 hanc
2148 2627 2275 2684 esse
2313 2636 2552 2701 captam
2578 2643 2655 2686 ex
2682 2627 2878 2701 Caria,

693 2725 894 2782 Ditem
923 2734 984 2782 et
1010 2725 1273 2784 nobilem
1295 2745 1313 2798 3
1357 2725 1406 2784 si
1433 2724 1705 2796 redimat,
1737 2725 2014 2800 maignum
2043 2723 2233 2782 inesse
2262 2723 2324 2780 in
2352 2726 2424 2783 ea
2450 2724 2694 2783 lucrum.

370 2821 488 2880 610
543 2822 660 2880 cn.
699 2822 984 2898 (shaking
1017 2823 1111 2880 his
1152 2822 1345 2897 acad)
1383 2807 1575 2881 Erras.
1661 2823 1756 2882 sv.
1805 2820 1967 2896 Quid
1997 2820 2122 2879 ita?
2204 2820 2320 2880 cn.
2366 2822 2480 2880 Pte
2510 2821 2878 2882 Menedemo

361 2913 366 2916 ’
1132 2922 1290 2978 minc
1322 2920 1428 2979 tibi
1457 2938 1569 2996 ego
1597 2917 1936 2995 respondeo

689 3021 706 3048 ⁴
728 3018 868 3077 Non
895 3035 1032 3076 emo
1053 3019 1066 3044 ’
1091 3039 1103 3076 ε
1148 3016 1293 3092 quid
1321 3017 1487 3093 Agis?
1553 3018 1649 3076 ΞΥ.
1680 3017 1902 3093 Optata
1928 3017 2190 3092 loquere.
2246 3016 2362 3076 ΕΗ.
2387 3016 2549 3091 Qui?
2613 3018 2709 3077 ὃν.
2736 3019 2879 3078 Non

1131 3117 1222 3173 est
1249 3131 1417 3191 opus,
2100 3189 2103 3194 Ι
2822 3141 2878 3188 50

545 3211 664 3271 ΕΗ.
701 3211 1077 3289 (surprised)
1117 3213 1258 3270 Non
1287 3230 1435 3288 opus
1460 3213 1591 3271 est?
1658 3213 1752 3272 Sv.
1784 3213 1925 3270 Non
1946 3209 2143 3270 hercle
2164 3229 2329 3270 uero,
2412 3211 2530 3270 ΕΗ.
2563 3211 2684 3287 Qui
2703 3207 2875 3286 istuc,

1133 3310 1330 3368 miror.
1415 3310 1508 3369 Sv.
1553 3311 1684 3368 Izim
1714 3310 1884 3368 scies.

545 3406 663 3465 ΕΗ.
701 3405 976 3485 (kasiz'ly)
1035 3407 1237 3480 Mane,
1295 3425 1487 3479 mane,
1538 3406 1685 3482 quid
1742 3415 1832 3466 est
1884 3405 2048 3481 quod
2104 3415 2227 3464 tam
2290 3424 2327 3464 a
2386 3406 2559 3466 nobis
2620 3407 2877 3483 grauiter

1131 3508 1492 3580 crepuerunt
1535 3505 1735 3563 fores?

1304 3600 1523 3680 (smus
1549 3603 1684 3659 and
1716 3602 2010 3660 CHREMES
2036 3602 2362 3661 withdraw
2388 3609 2446 3661 to
2472 3619 2583 3660 one
2608 3602 2750 3675 side,
2778 3601 2866 3680 ι..)
