3259 4134
319 279 383 332 22
1395 275 1758 329 PHORMJO.
2602 282 2833 352 [νηφ-

319 460 440 520 280
559 473 565 478 ’
640 460 969 534 Tuaiusta,
997 458 1100 519 ubi
1125 468 1250 520 tute
1278 459 1527 519 uerbum
1555 479 1681 520 non
1708 461 2089 539 respbndeaS,
2320 479 2326 484 ⁷
2775 492 2833 541 50

305 564 310 569 '
645 560 738 617 Ita
766 568 830 616 ut
859 558 952 616 ille
980 557 1164 617 fecit?
1241 558 1353 616 ΡΗ.
1397 558 1663 616 Functus
1690 558 2171 620 adulescentulist

644 655 922 715 Officium
949 655 1200 714 liberalis
1224 676 1236 713 :
1281 664 1597 732 postquam
1625 656 1705 714 ad
1734 656 1963 716 iudices

642 755 973 826 ventumst,
1003 771 1127 812 non
1154 753 1344 828 potuit
1373 753 1635 829 cogitata
1663 754 1971 829 preloqui3

645 852 739 910 Ita
767 855 904 910 enm
933 860 1060 910 tum
1088 849 1363 909 timidum
1394 851 1510 909 illic
1537 851 1933 926 obstupefecit
1963 851 2173 926 pudor.

321 949 440 1008 285
500 951 612 1008 GE.
652 948 812 1027 (still
845 947 1038 1025 aside)
1091 947 1298 1007 Laudo
1340 948 1516 1007 hune.
1600 947 1707 1008 sed
1754 967 1923 1008 cesso
1974 949 2133 1008 adire
2182 969 2361 1025 quam
2409 952 2664 1027 primum
2774 977 2825 1026 55

1125 1047 1370 1107 senem?
1445 1044 1691 1124 (Comes
1714 1045 2012 1119 for-zvard
2044 1047 2176 1104 and
2207 1049 2511 1108 addresses
2544 1050 2666 1108 ΒΕ-

1123 1143 1367 1222 ΜῙΡΗΟ.)

646 1244 783 1315 Ere,
812 1242 1008 1308 salue:
1041 1241 1268 1300 saluom
1299 1251 1357 1300 te
1384 1242 1697 1301 aduenisse
1725 1240 1981 1318 gaudeo.
2068 1242 2184 1314 ΒΕ.
2224 1243 2579 1321 (τ’νσηίεαίζγ,
2610 1254 2667 1302 to

1126 1339 1328 1416 GETA)
1367 1339 1484 1412 Oh,

645 1441 810 1497 Bone
839 1441 1056 1510 custos,
1086 1437 1264 1509 salue,
1294 1437 1572 1500 eblumen
1599 1455 1744 1496 uero
1774 1437 2047 1512 familiae,

645 1537 804 1610 Quoi
833 1534 1251 1594 commendaui
1281 1535 1463 1592 fllium
1493 1534 1630 1592 hinc
1661 1535 1865 1594 abiens
1894 1554 2111 1595 meum.

499 1637 612 1694 GE.
645 1636 772 1692 Iam
802 1632 1120 1710 dudum34e
1151 1633 1342 1691 omnis
1371 1637 1479 1692 nes
1508 1651 1786 1691 accusare
1816 1633 1996 1692 audio

321 1732 438 1791 290
644 1731 946 1804 Inmerito,
977 1740 1036 1789 et
1065 1748 1161 1788 me
1189 1729 1416 1788 horunc
1445 1731 1711 1789 Omnium
1741 1730 2213 1790 inmeritissumO.
2770 1747 2828 1790 60

642 1831 800 1887 Nam
827 1828 972 1904 quid
1001 1847 1095 1886 me
1125 1828 1186 1885 in
1214 1827 1326 1885 hac
1353 1845 1417 1886 re
1447 1827 1640 1886 facere
1669 1827 1905 1886 uoluisti
1933 1828 2081 1888 tibi?

642 1928 887 1986 Seruom
916 1926 1220 1986 hominem
1250 1943 1488 1984 causam
1517 1927 1683 1984 orate
1712 1925 1873 2000 leges
1902 1929 2025 1984 non
2052 1926 2266 1998 sinunt,

643 2027 855 2100 Neque
885 2024 1182 2084 testimoni
1212 2023 1471 2082 dictiost.
1554 2023 1673 2082 ΒΕ.
1716 2023 1896 2083 Mitto
1925 2023 2140 2081 Omnia.

640 2125 739 2181 Do
766 2122 914 2182 istuc
944 2121 1299 2197 ‘inprudens
1329 2122 1521 2180 timuit
1549 2119 1898 2180 adulescens
1916 2119 1931 2148 '
1954 2141 1973 2194 3
2016 2121 2146 2179 sino

316 2220 436 2278 295
641 2221 766 2278 ‘Tu
795 2221 1015 2279 seruo’s
1037 2221 1050 2246 ’
1073 2239 1091 2292 3
1133 2238 1337 2278 uerum
1367 2222 1415 2278 si
1442 2228 1753 2294 cognatast
1780 2220 2077 2290 maxume,
2766 2234 2820 2291 65

640 2319 782 2375 Non
810 2317 916 2375 fuit
943 2335 1185 2375 necesse
1214 2316 1432 2376 habere
1452 2335 1469 2390 3
1513 2315 1622 2374 sed
1652 2316 1715 2374 id
1743 2315 1905 2390 quod
1934 2316 2028 2373 lex
2057 2315 2237 2388 iubet,

639 2417 862 2474 Dotem
889 2413 1126 2486 daretis,
1156 2418 1466 2490 quaereret
1493 2414 1672 2472 alium
1700 2413 1911 2472 uirum.

637 2513 773 2586 Qua
801 2512 1026 2570 ratione
1055 2511 1296 2586 inopem
1325 2511 1522 2587 potius
1552 2510 1812 2569 ducebat
1839 2510 2129 2569 domum?

493 2612 608 2669 GE.
638 2612 781 2668 Non
807 2610 975 2681 ratio,
1003 2627 1212 2667 uerum
1239 2611 1545 2684 argentum
1573 2609 1799 2667 deerat.
1884 2609 1998 2666 ΒΕ.
2041 2608 2312 2667 Sumeret

314 2708 431 2766 300
635 2706 946 2765 Alict‘mde.
1031 2707 1144 2766 GE.
1187 2706 1520 2765 Alicunde?
1559 2707 1642 2764 nil
1670 2715 1760 2764 est
1788 2705 1951 2763 dictu
1980 2705 2223 2763 facilius,
2766 2730 2821 2774 70

491 2807 605 2863 ΒΕ.
637 2807 942 2863 Postremo
972 2804 1020 2862 si
1047 2805 1209 2863 nullo
1237 2805 1351 2864 alio
1380 2815 1578 2880 pacm,
1609 2804 1867 2863 faenore.
1952 2804 2064 2862 GE.
2103 2798 2472 2881 (ironicalht)
2513 2802 2656 2876 Hui,

636 2903 853 2960 Dixisti
881 2902 1124 2977 pulchre
1151 2906 1163 2962 Ξ
1207 2902 1498 2977 siquidem
1528 2902 1837 2977 quisquam
1865 2900 2137 2960 crederet

631 3001 721 3058 Te
749 3005 905 3060 uiuo,
992 3002 1106 3059 DE.
1139 3000 1432 3080 (angm'ly)
1466 3001 1624 3071 Non,
1650 3018 1771 3058 non
1801 3002 1884 3057 sie
1914 2999 2225 3058 futurumst
2249 3019 2262 3056 ε
2295 2999 2417 3056 ηόῐι
2436 3005 2654 3074 potest.

634 3100 805 3174 Egon
833 3098 989 3157 illam
1021 3117 1157 3155 cum
1186 3097 1286 3156 illo
1313 3107 1379 3156 ut
1406 3098 1596 3173 patiar
1621 3105 1870 3172 nuptam
1897 3099 2082 3155 unum
2110 3094 2315 3154 diem?

309 3196 428 3255 305
597 3221 606 3229 ·
631 3197 731 3254 Nil
758 3200 936 3256 suaue
967 3197 1312 3256 meritumst.
1396 3195 1702 3254 hominem
1732 3193 2228 3253 conmonstrafier
2760 3216 2812 3264 75

630 3294 722 3352 Mi
748 3294 926 3353 istum
954 3295 1112 3367 u010‚
1142 3304 1242 3352 aut
1268 3295 1370 3354 ubi
1399 3294 1624 3354 hAbitet
1652 3291 2127 3352 demonstrarier.

485 3394 599 3452 GE.
630 3393 869 3468 Nempe
899 3391 1361 3466 Phormionem?
1441 3393 1556 3450 ΒΕ.
1601 3393 1791 3449 Istum
1818 3399 2133 3466 patronum
2162 3388 2438 3448 mulieris·

483 3491 598 3550 GE.
628 3491 758 3548 Iam
787 3489 921 3548 faixo
949 3489 1047 3548 hic
1076 3489 1283 3548 aderit.
1363 3491 1478 3547 ΒΕ.
1508 3479 1779 3564 Antipho
1806 3487 1908 3547 ubi
1937 3505 2093 3545 nunc
2122 3488 2254 3546 est?
2321 3488 2435 3546 GE.
2466 3487 2516 3543 F
2516 3485 2652 3544 oris·

482 3590 597 3647 DE.
627 3588 760 3661 Abi,
792 3586 1098 3660 Phaedria,
1127 3604 1264 3645 eum
1293 3591 1524 3661 require
1554 3596 1732 3660 atque
1761 3586 1877 3642 huc
1906 3583 2159 3644 adduce.
2244 3586 2355 3642 ΡΗ.
2399 3584 2529 3640 Εο;
