3259 4134
575 272 640 322 52
1422 263 1825 343 AQELPHOE.
2326 261 2401 327 [V
2425 263 2473 326 8,
2506 273 2677 330 11-27.

659 436 767 494 Μι.
819 434 922 492 Me
964 433 1184 492 ducere
1239 431 1481 490 autem?
1562 431 1680 488 Da.
1722 431 1832 487 Te.
1916 429 2025 488 M1.
2070 431 2217 488 Me?
2298 431 2414 489 DE.
2459 432 2548 489 Te
2593 431 2679 489 in-

1453 545 1653 603 quam.
1714 527 1822 586 M1.
1854 527 2099 602 IneptiS.
2162 528 2277 586 DE.
2310 529 2399 604 (to
2428 530 2678 589 AEscffl-

1451 624 1596 701 st)
1642 625 1703 684 Si
1727 625 1793 683 'tu
1822 627 1898 682 sis
1928 623 2128 697 homo,

815 726 936 786 Hic
979 725 1170 783 faciat.
1254 725 1362 782 ΑΕ.
1406 723 1496 782 Mi
1537 724 1724 799 pater.
1810 723 1919 781 Μῐ.
1963 721 2127 797 Quid
2170 733 2232 782 tu
2275 733 2475 782 autem
2519 724 2675 797 huic,

1455 821 1636 892 Asine,
1660 820 1993 878 auscultas?
2056 821 2171 879 DE.
2219 821 2317 879 Nss
2347 822 2506 898 agis:
2556 840 2669 899 935

813 919 968 980 Fieri
995 919 1163 978 aliter
1187 936 1310 976 non
1338 919 1554 994 potest.
1642 919 1750 976 M1.
1796 917 2042 978 DeliraS.
2127 919 2236 977 ΑΕ.
2280 919 2415 977 Sine
2446 927 2505 977 te
2534 937 2674 978 exo·

1453 1033 1599 1086 rem,
1631 1017 1713 1072 mi
1740 1023 1925 1091 pater.

653 1117 761 1175 M1.
812 1113 1078 1174 Insanis:
1121 1111 1303 1172 aufer.
1387 1111 1504 1170 DE.
1549 1101 1701 1188 Age,
1732 1110 1813 1170 da
1852 1112 2089 1170 ueniam
2132 1112 2272 1170 filio,
2358 1114 2465 1171 M1.
2511 1113 2675 1174 Satin

1453 1211 1626 1267 sanus
1657 1210 1763 1267 es?

573 1327 622 1368 ιε
811 1310 942 1385 Ego
971 1311 1160 1367 nouos
1190 1307 1427 1364 maritus
1456 1308 1612 1364 anno
1643 1305 1887 1364 demum
1916 1309 2124 1381 quinto
2151 1316 2214 1364 et
2246 1309 2674 1383 sexagensumo

811 1406 980 1465 Fiam
1008 1407 1185 1480 atque
1215 1421 1392 1462 anum
1422 1401 1790 1478 decrepitam
1819 1402 2080 1462 ducam?
2120 1402 2260 1463 idne
2290 1404 2429 1463 estis
2470 1414 2672 1464 aucto-

1453 1503 1546 1558 res
1575 1501 1764 1559 mihi?
1862 1519 1868 1526 ·

651 1604 762 1661 ΑΕ.
815 1601 974 1674 Fac3
1017 1598 1264 1675 promisi
1317 1615 1430 1674 ego
1485 1597 1615 1656 illis.
1702 1597 1810 1656 M1.
1856 1597 2129 1656 Promisti
2182 1600 2426 1657 autem?
2478 1598 2557 1658 de
2615 1609 2673 1659 te

1457 1694 1713 1771 largitor,
1742 1712 1905 1771 puer.
2555 1716 2675 1773 940

656 1797 771 1855 DE.
812 1798 960 1872 Age,
989 1792 1133 1870 quid
1161 1791 1356 1869 siquid
1383 1801 1444 1850 te
1474 1791 1661 1850 maius
1690 1794 1860 1851 oret?
1939 1794 2050 1851 M1.
2093 1792 2278 1867 Quasi
2306 1811 2429 1852 non
2456 1794 2572 1853 hoc
2600 1795 2676 1853 sit

1458 1892 1822 1949 maxumum.

656 1993 772 2051 DE.
816 1991 914 2050 Da
938 1989 1194 2049 ueniam.
1263 1990 1374 2047 ΑΕ.
1420 1989 1514 2046 Ne
1543 1989 1807 2063 grauere.
1872 1990 1989 2047 DE.
2034 1989 2172 2060 Fae,
2196 1991 2493 2064 promitte.
2565 1989 2674 2048 Ml.

1459 2086 1600 2143 Non
1630 2083 1942 2143 omittitis?

575 2203 626 2242 ω
657 2188 768 2244 ΑΕ.
816 2186 976 2258 Non,
1003 2183 1114 2242 nisi
1143 2193 1202 2242 te
1245 2200 1504 2241 exorem.
1590 2183 1698 2240 M1.
1742 2182 1846 2240 Vis
1886 2191 1977 2240 est
2018 2181 2166 2240 haec
2208 2180 2471 2256 quidem.
2556 2185 2672 2242 DE.

1459 2269 1590 2355 Age
1620 2279 1864 2354 prolixe,
1897 2279 2099 2356 Micio,

656 2381 764 2439 Mr.
815 2378 944 2438 Etsi
971 2376 1088 2437 hoc
1116 2375 1261 2436 mihi
1288 2393 1537 2453 prauom
1565 2377 1832 2452 ineptum
1863 2374 2182 2435 absurdum
2210 2383 2389 2451 atque
2418 2369 2673 2437 alienum

1455 2492 1492 2531 a
1517 2474 1643 2532 uita
1670 2491 1807 2532 mea

814 2572 1101 2646 Videtur5
1145 2572 1192 2630 si
1220 2590 1327 2630 uos
1357 2573 1521 2630 tauto
1551 2588 1734 2647 opere
1762 2571 1913 2628 istuc
1934 2569 2129 2642 uolti5‚
2152 2571 2273 2629 fiat.
2356 2573 2467 2630 ΑΕ.
2511 2573 2672 2631 Bene

1458 2669 1618 2726 facis·
2174 2737 2183 2744 ,
2555 2686 2667 2746 945

657 2772 773 2827 DE.
817 2768 1036 2826 Merito
1080 2776 1137 2825 te
1189 2784 1345 2824 amo,
1428 2768 1637 2823 uerum
1670 2809 1684 2822 .
1717 2809 1730 2823 .
1761 2809 1777 2824 .
1809 2766 1917 2823 M1.
1962 2763 2167 2838 Quid?
2247 2765 2364 2823 DE.
2410 2766 2541 2842 Ego
2583 2765 2670 2824 di·

1457 2879 1612 2934 cam,
1644 2862 1761 2921 hoc
1790 2880 1971 2937 quom
2002 2862 2186 2920 confit
2212 2861 2378 2937 quod
2406 2862 2564 2922 uolo.

656 2965 765 3023 M1.
813 2961 978 3038 Quid
1018 2965 1177 3020 nunc
1218 2959 1382 3036 quod
1424 2961 1645 3019 restat?
1728 2961 1843 3018 DE.
1890 2960 2089 3036 Hegio
2130 2962 2417 3036 cognatus
2459 2961 2549 3020 his
2584 2971 2673 3020 est

1455 3062 1795 3134 proxumuS,

814 3155 1044 3215 Adflnis
1072 3154 1260 3228 nobis,
1290 3157 1551 3231 pauper:
1597 3155 1752 3213 bene
1781 3173 1890 3213 nos
1911 3153 2134 3230 aliquid
2156 3155 2349 3213 facere
2371 3154 2452 3214 illi
2474 3154 2669 3216 decet.

575 3271 625 3310 πο
660 3256 767 3314 M1.
817 3253 980 3329 Quid
1008 3252 1244 3312 facere?
1325 3253 1441 3311 DE.
1482 3250 1729 3328 Agellist
1762 3251 1859 3311 hic
1888 3251 1999 3311 sub
2033 3252 2181 3310 urbe
2223 3252 2465 3328 paulum
2507 3251 2670 3328 quod

1456 3348 1666 3408 locitas
1696 3350 1886 3409 foras:

817 3449 980 3508 Huic
1003 3448 1214 3507 demus
1235 3447 1338 3523 qui
1359 3447 1595 3506 fruatur.
1682 3449 1791 3506 M1.
1838 3446 2078 3505 Paulum
2100 3446 2163 3505 id
2184 3447 2481 3506 autemst?
2554 3449 2668 3506 DE.

1456 3545 1516 3604 Si
1545 3545 1871 3617 multfimst‚
1903 3555 2101 3603 tamen
2552 3563 2671 3623 950

819 3643 868 3700 F
869 3641 1242 3701 aciundumst
1263 3663 1280 3715 3
1321 3661 1432 3718 pro
1459 3652 1626 3719 patre
1656 3642 1794 3700 huic
1830 3651 1935 3716 est,
1964 3643 2157 3702 bonus
2198 3652 2305 3716 est,
2334 3645 2537 3702 noster
2563 3653 2669 3716 est,

1457 3741 1618 3798 recte
1648 3738 1837 3800 datur.
