3259 4134
295 308 364 359 36

298 1074 418 1134 555

298 2050 417 2110 560

292 2927 413 2989 565

1370 304 1733 354 PHORMJO.
2418 325 2427 349 e
2561 305 2807 372 [iii.6‚18-

481 490 591 547 ΡΗ.
621 489 883 562 Quoquo
911 487 1050 545 hinc
1077 486 1473 562 asportabitur
1501 487 1808 575 terrarum,
1838 494 2121 546 certumst
2149 488 2424 562 persequi

621 589 738 644 A1¹1t
767 585 975 662 perire.
1059 586 1172 644 GE.
1215 584 1296 642 Di
1323 584 1476 644 bene
1506 593 1743 642 uortant
1784 583 1951 659 qubd
1989 587 2167 660 agas!
2210 584 2645 662 pedetemptim

792 695 796 699 ’
1101 692 1319 741 tamen.
2196 689 2200 698 '

474 784 587 840 ΑΝ.
617 781 769 840 Vide
800 780 848 839 si
876 778 1020 855 quid
1052 763 1180 855 obis
1210 782 1380 855 potes
1409 779 1642 838 adferre
1670 778 1827 838 huic.
1912 780 2025 839 ΟΕ.
2068 783 2084 811 ‘
2103 781 2163 838 Si
2196 779 2340 856 quid
2363 782 2376 808 ’
2392 783 2419 839 ?
2459 780 2647 857 quid?
2750 809 2807 840 20

636 936 646 943 ,
1102 879 1217 936 ΑΝ.
1263 877 1517 952 Quaere,
1547 878 1815 936 Obsecm.

623 979 717 1035 Ne
746 976 891 1052 quid
921 976 1052 1051 plus
1081 976 1350 1034 mimisue
1379 976 1538 1047 faxit,
1569 976 1735 1051 qubd
1763 993 1872 1034 nos
1900 985 2036 1051 post
2064 976 2281 1052 pigeat,
2315 978 2487 1036 Geta.

476 1077 589 1135 GE.
619 1075 856 1148 Quaero
881 1097 894 1132 z
941 1074 1133 1134 saluos
1161 1075 1271 1146 est,
1299 1082 1365 1131 ut
1391 1073 1642 1149 opinor3
1686 1075 1893 1132 uerum
1922 1073 2082 1132 enim
2113 1078 2316 1133 metuo
2346 1075 2583 1134 malum.

477 1175 589 1231 AN.
621 1173 761 1231 Noli
791 1181 1052 1230 metuere
1078 1193 1090 1230 :
1135 1174 1255 1229 tina
1283 1180 1482 1228 tecum
1511 1171 1672 1230 bona
1699 1171 1853 1229 mala
1878 1171 2272 1230 tolerabimus

479 1272 591 1330 GE.
623 1270 924 1345 Quantum
953 1287 1105 1344 opus
1140 1277 1230 1326 est
1271 1267 1380 1327 tibi
1420 1268 1667 1344 argenti,
1696 1268 1963 1344 loquer&
2040 1271 2149 1328 ΡΗ.
2194 1269 2365 1330 Solae
2409 1270 2645 1346 triginta

1100 1383 1313 1424 mmae.

479 1466 590 1524 GE.
631 1464 937 1540 Triginta?
989 1463 1110 1537 hui,
1152 1465 1468 1538 percarast,
1516 1462 1827 1522 Phaedria.
1910 1465 2021 1522 ΡΗ.
2082 1449 2275 1522 1staec
2324 1482 2468 1523 uero
2514 1464 2645 1554 uilis
2749 1491 2803 1539 25

1102 1571 1209 1620 est.

475 1662 588 1720 ΟΕ.
618 1650 750 1736 Age
808 1677 937 1736 age,
991 1659 1261 1718 inuentas
1315 1657 1582 1718 reddam.
1682 1661 1791 1719 ΡΗ.
1858 1658 2163 1737 (joyfully)
2228 1661 2285 1720 O
2340 1660 2643 1736 lepidum!

1109 1757 1470 1835 (Embraces
1526 1757 1746 1833 ΟΕΤΑ.)
1840 1758 1951 1816 ΟΕ.
2004 1757 2291 1836 (shaking
2340 1759 2463 1816 him
2512 1757 2635 1834 off)

1100 1855 1284 1912 Aufer
1338 1863 1398 1912 te
1451 1854 1610 1913 hine.
1699 1857 1807 1914 PH.
1872 1857 2001 1913 Iam
2056 1865 2251 1930 opust.
2337 1856 2449 1914 ΟΕ.
2513 1857 2643 1914 Iam

1100 1953 1288 2011 seres:

619 2049 737 2110 Sed
782 2069 933 2127 opus
981 2060 1072 2109 est
1121 2050 1267 2109 mihi
1315 2049 1737 2110 Phormionem
1786 2050 1866 2108 ad
1920 2051 2075 2109 hanc
2130 2069 2256 2109 rem
2310 2050 2643 2110 adiutorem

1101 2146 1247 2206 dari.

474 2249 588 2305 AN.
620 2248 913 2305 Praestost
937 2268 949 2305 :
995 2245 1402 2305 audacissume
1432 2247 1626 2305 oneris
1657 2244 1891 2320 quiduis
1919 2245 2159 2320 inpone,
2188 2247 2402 2304 ecferet
2422 2267 2440 2320 3

619 2345 784 2403 Sblus
833 2353 923 2402 est
971 2343 1154 2402 homo
1203 2346 1396 2401 amico
1439 2344 1684 2402 amicus,
1768 2344 1880 2402 ΟΕ.
1932 2345 2152 2402 Eamus
2198 2362 2337 2420 ergo
2382 2343 2460 2402 ad
2506 2362 2642 2402 eum

1101 2441 1282 2499 Ocius,

470 2541 584 2598 AN.
617 2539 780 2596 Niim
822 2538 965 2613 quid
1007 2548 1097 2597 est
1137 2537 1302 2613 quod
1344 2542 1528 2612 opera
1558 2458 1703 2634 Jt-'nea
1743 2538 1914 2597 uobis
1955 2542 2106 2614 Opus
2146 2539 2263 2598 sit?
2343 2539 2455 2598 ΟΕ.
2501 2539 2640 2626 Ni15
2746 2566 2803 2611 30
2892 2620 2896 2634 ι

1097 2652 1304 2693 uerum
1333 2635 1432 2694 abi
1458 2635 1706 2694 domum

616 2719 696 2792 Et
722 2733 882 2791 illam
911 2733 1202 2805 miseram,
1225 2751 1405 2808 quam
1433 2735 1545 2809 ego
1573 2751 1731 2791 nunc
1760 2733 1914 2792 intus
1943 2736 2067 2792 scio
2096 2752 2223 2792 esse
2248 2734 2640 2792 exanimatam

1099 2840 1264 2889 metu
1976 2872 1979 2875 -

613 2928 956 2989 Consolare.
1025 2931 1222 2988 cessas
1236 2876 1284 2987 ἶ,
1329 2931 1443 2987 AN.
1476 2928 1638 2987 Nihil
1660 2938 1751 2987 est
1771 2930 1961 3004 aeque
1982 2927 2147 3004 quod
2175 2929 2387 2989 faciam
2409 2929 2637 2988 lubens,

1303 3039 1317 3054 ⁸
1672 3027 1865 3103 (Exit
1884 3029 2009 3085 into
2038 3029 2375 3085 Dmm’no’s
2400 3024 2629 3103 house.)

476 3127 586 3184 PH.
619 3125 754 3200 Qua
780 3125 876 3184 uia
902 3124 1053 3184 istuc
1082 3124 1306 3184 facies?
1387 3125 1500 3183 ΟΕ.
1544 3125 1760 3183 Dicam
1788 3125 1850 3181 in
1878 3124 2085 3182 itinere
2105 3147 2121 3213 h:
2170 3123 2309 3182 hinc
2351 3123 2536 3183 modo
2574 3134 2636 3182 te

1092 3225 1325 3282 Amoue.

1176 3319 1463 3400 (Excusat
1485 3321 1796 3378 PHAEDRIA
1823 3321 1956 3378 ancl
1978 3321 2147 3379 ΟΕΤΑ
2174 3328 2231 3378 to
2256 3321 2507 3393 Forum,
2536 3318 2626 3397 Ε.)
