3259 4134
579 249 648 300 40
1429 247 1831 298 ADELPHOE.
2304 246 2407 312 [1v
2432 259 2477 314 5,
2503 247 2679 315 28—55·

671 415 779 472 Mr.
824 411 986 489 Quid
1015 413 1172 472 illam
1200 413 1262 471 ni
1290 411 1588 474 abducat?
1668 414 1778 470 ΑΕ.
1823 412 2073 472 Factum
2100 430 2137 470 a
2163 411 2333 471 uobis
2362 411 2584 472 dtiriter

543 514 550 519 '
824 509 1469 586 Inmisericorditerque
1499 519 1677 586 atque
1706 509 1904 582 etiam,
1936 509 1985 568 si
2013 511 2121 582 est,
2150 518 2337 585 pater,

581 626 631 665 ao
735 667 740 672 ,
819 609 1160 668 Dicendum
1189 610 1373 686 magis
1401 611 1623 685 aperte,
1654 607 2046 667 inliberaliter.

670 708 778 766 M1.
821 706 1018 782 Quam
1046 707 1126 766 ob
1154 709 1280 766 rem
1296 708 1324 765 Ρ
1402 710 1511 766 ΑΕ.
1555 708 1757 783 Rogas
1784 723 1881 764 me
1896 707 1924 764 Ρ
2005 703 2150 782 quid
2176 704 2259 764 illi
2284 703 2528 764 tandem
2550 708 2674 764 cre-

1462 803 1600 862 ditis
2559 807 2635 863 66
2639 821 2672 882 5

821 903 972 961 Fore
1001 901 1182 960 animi
1209 902 1443 974 misero,
1475 902 1576 976 qui
1605 901 1702 959 illa
1728 903 2043 959 consueuit
2066 899 2242 975 prior,

821 999 939 1073 Qui
967 999 1168 1057 infelix
1195 999 1436 1059 hauscio
1463 1001 1540 1071 An
1569 999 1727 1056 illam
1758 999 1968 1056 misere
1996 999 2158 1056 minc
2186 1006 2365 1071 amet,

820 1097 1019 1171 Quom
1050 1096 1203 1155 hanc
1231 1097 1343 1155 sibi
1371 1096 1600 1156 uidebit
1627 1099 1905 1172 praesens
1937 1095 2235 1171 praesenti
2262 1095 2429 1171 eripi,

577 1209 628 1249 as
814 1193 1050 1253 Abduci
1078 1195 1155 1253 ab
1183 1195 1411 1253 oculis?
1491 1195 1715 1253 facinus
1743 1193 2073 1270 indignfim,
2102 1203 2289 1270 pater.

668 1293 774 1350 M1.
819 1292 955 1366 Qua
981 1292 1208 1351 ratione
1237 1292 1430 1354 istuc?
1509 1296 1639 1366 quis
1668 1291 2033 1368 despondit?
2116 1294 2245 1367 quis
2275 1289 2485 1349 dedit?
2559 1294 2676 1367 670

820 1390 977 1463 Quoi
1006 1388 1245 1464 quando
1274 1389 1472 1466 nupsit
1486 1390 1515 1447 Ρ
1553 1392 1760 1448 anctor
1787 1389 1877 1448 his
1905 1389 2079 1448 rebus
2110 1389 2241 1463 quis
2270 1397 2361 1446 est
2374 1390 2425 1446 ?.

819 1486 986 1560 Quor
1010 1485 1180 1544 duxit
1208 1487 1460 1548 alienam
1475 1487 1503 1544 Ρ
1582 1489 1693 1544 ΑΕ.
1735 1488 1829 1544 An
1857 1485 2064 1545 sedere
2094 1487 2357 1562 opertuit
2520 1481 2563 1529 ‘'-

819 1584 1000 1641 Domi
1027 1584 1316 1660 uirginem
1345 1593 1465 1642 tam
1495 1583 1799 1660 grandem,
1830 1583 1973 1642 dum
2004 1587 2291 1660 cognatus
2318 1583 2435 1642 huc

577 1697 630 1736 ω
817 1681 986 1738 Illinc
1013 1681 1259 1753 ueniret,
1289 1684 1705 1757 expectantem
1721 1682 1749 1739 Ρ
1828 1681 1995 1753 haec,
2027 1684 2109 1738 mi
2137 1690 2322 1756 pater,

815 1779 904 1836 Te
935 1777 1132 1836 dicere
1162 1796 1415 1854 aequom
1445 1778 1553 1836 suit
1581 1787 1644 1836 et
1670 1777 1733 1836 id
1762 1776 2105 1862 defendere.
2556 1782 2669 1855 675

666 1877 772 1934 M1.
816 1875 1158 1933 Ridiculum
1183 1897 1196 1934 ε
1241 1875 1637 1934 aduorsumne
1667 1875 1827 1933 illum
1858 1894 2095 1934 eausam
2127 1874 2407 1948 dicerem,

818 1973 977 2047 Quoi
1006 1975 1286 2031 ueneram
1315 1973 1684 2032 aduocatus?
1764 1972 1871 2032 sed
1900 1972 2045 2048 quid
2074 1973 2202 2045 ista,
2232 1972 2545 2045 Aeschine,

818 2071 1077 2129 Nostra?
1143 2072 1244 2128 aut
1265 2069 1409 2144 quid
1437 2071 1610 2129 nobis
1638 2070 1955 2128 cumillis?
2014 2071 2315 2130 abeamt'iS.
2394 2072 2673 2148 (AESCHI-

1453 2183 1570 2225 st
1594 2169 1787 2242 begins
1815 2176 1871 2225 to
1901 2167 2027 2244 cry)
2080 2166 2225 2242 quid
2254 2168 2386 2226 est?

574 2281 626 2319 4⁶
815 2263 976 2338 Quid
1025 2265 1313 2323 lacrumas
1328 2265 1374 2322 Ρ»
1455 2267 1565 2324 ΑΕ.
1627 2267 1817 2336 Pater,
1869 2265 2139 2336 ebsecro,
2190 2265 2471 2324 ausculta.
2563 2267 2670 2324 M1.
2722 2243 2724 2246 Α

1455 2361 1770 2433 Aeschine,
1801 2360 2001 2420 audiui
2031 2363 2233 2422 emnia
2420 2363 2425 2366 ’
2498 2437 2505 2442 ὁ
2538 2366 2658 2432 ,β

815 2444 896 2517 Et
923 2459 1046 2518 scio
1067 2480 1085 2533 3
1127 2477 1265 2517 nam
1295 2461 1354 2516 te
1383 2476 1539 2516 amo,
1622 2477 1744 2534 quo
1774 2459 1959 2534 magis
1987 2461 2139 2534 quae
2168 2459 2293 2534 agis
2320 2445 2503 2518 curae‘
2538 2463 2673 2519 sunt

1456 2555 1621 2614 mihi.
2552 2560 2671 2615 680

652 2655 762 2712 ΑΕ.
809 2639 1108 2737 Ῐῐειληθὶίῐῐι
1138 2672 1234 2712 me
1263 2657 1701 2728 promerentem
1731 2655 1914 2725 ames,
1946 2652 2091 2711 dum
2118 2654 2303 2726 uiuas,
2332 2656 2415 2712 mi
2444 2664 2629 2730 pater,

809 2735 888 2808 Vt
917 2769 1012 2809 me
1040 2751 1156 2808 hoc
1186 2749 1469 2808 delictum
1497 2749 1805 2808 admisisse
1834 2751 1896 2807 in
1924 2768 2040 2822 me,
2070 2749 2135 2808 id
2162 2750 2307 2808 mihi
2348 2751 2667 2810 uehemen-

1454 2849 1543 2906 ter
1570 2844 1738 2906 dolet

813 2932 894 3005 Et
934 2963 1030 3004 me
1073 2945 1158 3004 tui
1200 2943 1405 3021 pudet.
1490 2946 1598 3003 M1.
1644 2943 1845 3004 Credo
1894 2944 2130 3018 hercle3
2186 2963 2325 3003 nam
2367 2946 2669 3022 ingenium

1450 3045 1590 3101 noui
1619 3051 1787 3100 tuom

571 3157 622 3196 ω
810 3141 1073 3200 Liberale
1092 3161 1112 3215 3
1156 3138 1263 3198 sed
1291 3156 1500 3199 uereor
1526 3157 1602 3198 ne
1633 3137 1947 3214 indiligens
1976 3138 2225 3197 niminim
2254 3139 2387 3198 sieS.

812 3223 884 3297 in
912 3256 1030 3314 qua
1057 3238 1294 3296 ciuitate
1325 3236 1567 3295 tandem
1599 3247 1658 3296 te
1690 3237 1965 3296 arbitrare
1996 3239 2195 3295 uiuere
2211 3237 2239 3294 Ρ
2551 3240 2664 3316 685

807 3337 1108 3412 Virginem
1136 3337 1370 3408 uitiasti,
1401 3354 1580 3411 quam
1609 3345 1669 3394 te
1697 3340 1821 3396 nen
1848 3335 1937 3393 ius
1967 3335 2154 3393 fuerat
2182 3337 2439 3412 tangere.

811 3435 941 3492 Iam
968 3434 1030 3492 id
1059 3445 1371 3509 peccatum
1402 3435 1498 3496 ille
1528 3438 1785 3510 primum
1816 3453 2115 3510 magnum,
2146 3435 2444 3509 mdgnum,
2475 3444 2536 3493 at
2562 3434 2665 3493 hu-

925 3608 932 3618 ·
1450 3536 1693 3592 manum
1724 3543 1924 3592 tamen
1946 3555 1963 3607 3

809 3629 1030 3686 Fecere
1051 3629 1148 3687 alii
1169 3632 1346 3705 saepe
1369 3631 1514 3689 item
1535 3633 1698 3705 boni,
1724 3641 1785 3690 at
1806 3636 2121 3709 pestquam
2145 3631 2208 3692 id
2232 3637 2448 3706 euenit,
2473 3631 2627 3694 cedo
2649 3657 2663 3695 ε

568 3740 618 3778 55
805 3724 1114 3799 Numquid
1135 3727 1553 3804 circumspexti
1567 3731 1595 3788 Ρ
1636 3739 1738 3789 aut
1758 3731 2049 3807 numquid
2072 3735 2198 3791 tute
2221 3738 2521 3810 prospexti
2542 3734 2663 3809 tibi,

1288 3885 1319 3905 r
1351 3883 1361 3894 ο
