3259 4134
275 303 505 370 iv.3.68.]
1354 303 1716 352 PHORMJO.
2086 365 2093 372 ,
2720 304 2783 355 41

597 485 913 544 Talentum
942 501 1240 560 magnum.
1324 486 1440 543 DE.
1479 483 1771 563 (angrily)
1811 485 2008 543 Immo
2034 484 2254 542 malum
2286 484 2520 544 hercle:
2560 494 2627 542 ut

939 579 944 584 ’
1079 582 1160 640 nil
1187 582 1375 658 pudet
1400 586 1412 641 !

274 708 334 753 40
450 681 563 740 GE.
594 679 776 754 Quod
805 679 926 738 dixi
953 679 1108 738 adeo
1137 683 1227 739 e'1‘:
1273 684 1290 712 ‘
1308 683 1549 756 quaeSO,
1579 680 1724 755 quid
1754 681 1801 738 si
1830 680 2009 738 filiam
2666 680 2785 738 645

599 779 775 836 Suam
804 778 1040 836 {micam
1069 777 1333 837 locaret?
1373 779 1542 854 parui
1568 781 1630 836 re
1661 778 1791 836 tulit

603 876 744 934 Non
772 875 1102 951 suscepisse
1126 897 1138 933 :
1183 874 1478 934 inuentast
1505 893 1657 951 quae
1687 875 1893 934 dotem
1922 877 2126 951 petat.’

598 974 680 1032 Vt
707 971 787 1031 ad
815 975 1006 1048 pauca
1034 971 1276 1031 redeam
1305 991 1376 1031 ac
1403 976 1632 1031 mittam
1662 973 1811 1032 illius
1840 973 2111 1048 ineptiaS,

603 1071 778 1128 Haec
807 1069 1064 1145 denique
1096 1070 1218 1128 eius
1249 1070 1354 1128 fuit
1382 1080 1684 1147 postrema
1712 1071 1936 1129 oratio:

269 1193 330 1242 45
602 1171 618 1199 ‘
639 1169 769 1243 Ego
790 1169 804 1196 '
835 1167 1024 1242 lnquit
1052 1171 1068 1199 ‘
1089 1186 1124 1226 a
1151 1167 1443 1243 principio
1470 1168 1647 1227 amici
1676 1167 1875 1241 filiam,
2666 1166 2785 1226 650

605 1267 697 1323 Ita
721 1274 788 1324 ut
814 1266 1070 1341 aequom
1098 1265 1301 1337 fuerat,
1334 1265 1492 1324 uolui
1519 1284 1766 1324 uxorem
1796 1266 2015 1324 ducere
2035 1287 2054 1339 ς

600 1362 758 1420 Nam
787 1362 933 1421 mihi
961 1359 1212 1422 uenibat
1239 1366 1299 1421 in
1327 1373 1589 1421 mentem
1621 1363 1745 1421 eius
1774 1361 2241 1435 incommodum,

604 1461 677 1518 In
703 1460 1046 1518 seruitutem
1077 1464 1401 1535 pauperem
1430 1461 1508 1520 ad
1537 1461 1725 1519 ditem
1754 1461 1898 1520 dari.

600 1557 718 1617 Sed
748 1558 830 1615 mi
857 1562 1006 1633 opus
1034 1567 1176 1630 erat,
1207 1568 1272 1617 ut
1299 1560 1502 1635 aperte
1532 1559 1639 1617 tibi
1666 1576 1823 1615 nunc
1854 1558 2097 1631 fabuler,

269 1681 334 1729 59
599 1655 1043 1730 Aliquantulum
1068 1674 1220 1735 quae
1251 1655 1525 1729 adferret,
1555 1655 2071 1731 quidissoluerem
2666 1655 2785 1715 655

602 1752 775 1827 Quae
804 1751 1001 1818 debeo
1025 1775 1036 1812 ε
1083 1764 1144 1812 et
1172 1754 1351 1813 etiam
1380 1772 1554 1828 nune,
1587 1754 1637 1812 si
1665 1754 1788 1813 uolt
1816 1754 2116 1830 Demipho

601 1851 761 1910 Dare
790 1854 1076 1926 quantum
1105 1852 1184 1911 ab
1211 1852 1324 1910 hac
1354 1852 1605 1926 accipio,
1635 1869 1788 1926 quae
1816 1855 2085 1927 sponsest
2112 1851 2276 1924 mihi,

601 1949 842 2008 Nullam
873 1949 1016 2007 mihi
1045 1949 1248 2008 malim
1276 1968 1456 2024 quam
1487 1952 1675 2007 istanc
1703 1951 1945 2007 uxorem
1976 1948 2140 2008 dari.'

456 2045 830 2125 AN.(as1de)
866 2048 1075 2106 Vtrum
1107 2047 1349 2106 stultitia
1376 2047 1570 2106 facere
1600 2065 1712 2122 ego
1742 2047 1897 2104 hunc
1926 2065 2002 2105 an
2029 2047 2252 2106 mantia

275 2169 328 2217 55
602 2144 835 2217 Dicem,
865 2144 1150 2203 scientem
1180 2163 1257 2202 an
1286 2145 1724 2220 inprudentem,
1753 2145 2010 2202 incertus
2038 2163 2188 2202 sum.
2668 2145 2786 2204 660

459 2241 575 2298 DE.
604 2241 768 2314 Quid
797 2241 845 2299 si
874 2242 1151 2300 ammam
1163 2242 1385 2302 debet?
1467 2243 1582 2302 GE.
1625 2231 1827 2318 ‘Ager
1853 2242 2160 2316 oppositus
2190 2243 2419 2317 pignori

602 2338 700 2397 Ob
728 2336 943 2396 decem
973 2340 1160 2398 minas
1188 2341 1315 2399 est!
1400 2342 1515 2398 DE.
1558 2329 1691 2414 Age
1722 2357 1848 2415 age,
1878 2338 1998 2396 iam
2025 2338 2241 2397 ducet:
2286 2340 2462 2399 dabo.

459 2435 573 2494 GE.
604 2437 622 2468 ‘
638 2435 959 2495 Aediculae
1009 2437 1153 2496 item
1203 2447 1337 2496 sunt
1391 2437 1472 2496 eb
1527 2436 1743 2495 decem
1796 2435 1978 2494 alias!
2063 2436 2178 2495 DE.
2232 2436 2457 2512 (loudly
2500 2440 2634 2495 and

1082 2535 1337 2614 angn'ly)
1376 2535 1530 2608 Olei',

602 2631 938 2690 Nimiumst.
1024 2632 1142 2691 CH.
1187 2633 1283 2692 Ne
1314 2633 1539 2691 clama:
1588 2630 1841 2706 re‘petito
1869 2632 2047 2690 hasce
2076 2650 2113 2689 a
2141 2633 2236 2690 me
2265 2631 2516 2695 decem:-

275 2741 334 2785 60
457 2728 571 2787 GE.
602 2730 618 2758 ‘
635 2729 819 2787 onri
847 2729 1106 2788 emunda
1132 2730 1455 2788 ancillulast
1475 2751 1493 2803 3
1537 2739 1664 2788 tum
1693 2730 1959 2805 pluscula
2470 2753 2484 2764 ·
2668 2730 2787 2788 665

601 2825 973 2900 Supellectile
1002 2845 1151 2903 opus
1181 2836 1269 2886 est
1289 2848 1308 2900 3
1351 2830 1500 2902 opus
1530 2837 1620 2886 est
1650 2837 1886 2902 sumptu
1917 2826 1995 2884 ad
2023 2827 2295 2902 nuptias:

603 2923 720 2982 His
747 2923 920 2982 rebus
935 2933 1124 3000 porro
1153 2931 1295 2983 sane
1325 2942 1484 3000 pone
1504 2926 1518 2953 ¹
1547 2924 1735 3000 inquit
1765 2928 1781 2956 ‘
1801 2923 2015 2982 decem
2048 2923 2345 3002 [minas].’

457 3021 573 3078 DE.
605 3019 706 3098 (as
733 3019 953 3096 before)
993 3023 1298 3081 Sescentas
1329 3022 1582 3099 proinde
1610 3022 1851 3082 scribito
1881 3023 1998 3080 iam
2028 3023 2169 3080 mihi
2200 3021 2363 3082 dicas
2387 3045 2399 3081 :

603 3115 701 3175 Nil
731 3113 834 3188 do,
915 3122 1216 3195 inpuratus
1246 3137 1341 3178 me
1373 3119 1468 3178 ssle
1496 3130 1560 3179 ut
1588 3120 1768 3178 etiam
1797 3119 2091 3178 inrideat?

283 3225 333 3285 65
454 3215 570 3274 CH.
600 3214 859 3289 Quaem,
889 3217 1002 3292 ego
1031 3216 1207 3290 dabo,
1238 3203 1478 3293 quiesce
1502 3239 1514 3276 :
1560 3227 1622 3276 tu
1652 3216 1837 3277 modo
1866 3219 2048 3276 fllium
2667 3218 2785 3277 670

601 3313 722 3371 Fac
747 3323 815 3372 ut
843 3314 998 3373 illam
1029 3312 1228 3388 ducat,
1260 3319 1368 3374 nes
1397 3334 1576 3392 quam
1604 3316 1895 3374 uolumuS.
1978 3317 2092 3374 AN.
2124 3314 2338 3393 (aside,
2361 3317 2621 3392 despair-

1081 3412 1264 3488 t'ngly)
1303 3415 1375 3472 Ei
1403 3413 1548 3471 mihi
1574 3415 1586 3472 ἒ

601 3507 775 3580 Geta,
805 3508 1076 3568 occidisti
1107 3512 1201 3568 me
1233 3511 1345 3569 tuis
1374 3511 1635 3570 fallaciis.

457 3603 575 3664 CH.
605 3606 750 3664 Mea
773 3609 954 3666 causa
981 3607 1222 3668 eicitur:
1267 3610 1366 3668 me
1394 3609 1510 3668 hoc
1539 3619 1628 3668 est
1658 3626 1915 3684 aequom
1942 3611 2231 3667 amittere.
