3259 4134
453 257 514 307 12

451 832 528 890 90

451 1320 526 1376 95

454 1809 569 1867 100

456 2296 568 2353 105

455 2785 568 2841 110

457 3271 566 3327 115

1527 257 1891 308 PHORMIO.
2750 259 2966 326 [i.2.36-

775 438 1014 512 Sectari,
1043 428 1338 497 inludum
1367 438 1588 498 difficere
1617 449 1679 498 et
1706 438 2057 499 redducere.

775 537 903 595 Nos
933 536 1106 594 otiosi
1135 539 1380 612 operam
1409 536 1697 596 dabamus
1729 536 2071 596 Phaedriae.

774 635 847 693 In
877 651 998 710 quo
1025 633 1172 692 haec
1203 633 1471 694 discebat
1497 634 1663 707 ludo,
1692 634 2086 694 exaduersum
2115 634 2252 694 ssico

770 734 1088 791 Tonstrina
1117 741 1244 790 erat
1271 729 1602 807 quaedam:
1648 731 1746 790 hic
1774 733 2109 792 solebamus
2138 733 2260 792 sere
2902 743 2915 784 ¹

774 830 1126 904 Pleramque
1157 846 1289 887 eam
1318 829 1596 904 opperiri,
1625 828 1772 888 dum
1799 829 1939 889 inde
1968 830 2079 889 iret
2108 830 2375 890 domum.
2904 860 2967 906 40

773 929 1010 987 Interea
1035 926 1180 986 dum
1211 925 1488 985 sedemus
1515 927 1615 1000 illi,
1648 927 1965 986 interuenit

771 1025 1137 1084 Adulescens
1165 1024 1410 1099 quidam
1442 1025 1790 1084 lacrumans.
1874 1043 1985 1084 nos
2015 1025 2315 1100 mirari'er3

773 1125 1078 1198 Rogamus
1106 1121 1249 1199 quid
1280 1123 1370 1180 sit.
1457 1127 1473 1154 ‘
1496 1125 1819 1198 numquam
1848 1141 2037 1199 aeque
2061 1125 2074 1150 ⁹
2103 1125 2293 1199 inquit
2322 1127 2339 1158 ‘
2356 1125 2428 1182 ac
2456 1124 2644 1185 modo

775 1223 1096 1296 Paupertas
1124 1220 1267 1278 mihi
1295 1239 1444 1278 onus
1475 1223 1720 1279 uisumst
1749 1230 1808 1279 et
1834 1221 2115 1280 miserum
2144 1224 2206 1280 et
2234 1239 2433 1298 graue.

773 1317 964 1377 Modo
992 1317 1290 1393 quandam
1318 1317 1444 1376 uidi
1473 1317 1761 1392 uirginem
1790 1318 1885 1376 hic
1913 1319 2163 1378 uiciniae
2902 1345 2957 1394 45

775 1416 1054 1474 Miseram
1083 1433 1248 1474 suam
1277 1424 1525 1474 matrem
1556 1415 1860 1474 lamentari
1890 1419 2198 1475 mortuam.

773 1515 864 1572 Ea
891 1517 1001 1572 sita
1029 1522 1152 1571 erat
1180 1511 1589 1585 exaduersum,
1617 1530 1814 1589 neque
1842 1512 1923 1571 illi
1950 1513 2255 1572 beniuolus

775 1612 988 1686 Neque
1017 1614 1190 1670 notus
1219 1628 1412 1686 neque
1442 1613 1729 1686 cognatus
1760 1621 1925 1668 extra
1950 1629 2127 1669 unam
2156 1611 2449 1670 aniculam

773 1709 1102 1784 Quisquam
1131 1707 1354 1780 aderat,
1385 1709 1486 1784 qui
1515 1708 1810 1767 adiutaret
1839 1709 2045 1768 funus:
2092 1710 2489 1769 miseritumst.

771 1807 954 1883 Virgo
985 1809 1112 1882 ipsa
1141 1806 1290 1864 facie
1321 1806 1591 1882 egregia.'
1677 1805 1821 1880 quid
1851 1807 2046 1880 uerbis
2074 1808 2293 1882 opust?
2902 1833 2959 1884 50

773 1905 1125 1964 Commorat
1151 1903 1342 1962 omnis
1371 1907 1498 1961 nos
1581 1903 1665 1962 ibi
1694 1903 1979 1962 continuo
2007 1893 2277 1980 Antipho

773 2006 790 2033 ‘
807 2002 1072 2060 Voltisne
1103 2019 1304 2059 eamus
1332 2002 1564 2059 uisere?
1583 2002 1596 2027 ’
1642 2001 1787 2059 alius
1816 2005 1833 2032 ‘
1854 2004 2071 2060 censeo
2095 2023 2107 2060 :

773 2101 1029 2159 Eamus:
1075 2099 1193 2158 duc
1222 2117 1332 2157 nos
1360 2097 1574 2157 sodes!
1659 2099 1829 2172 imuS,
1858 2099 2146 2172 uenimus,

771 2197 1078 2256 Videmus,
1160 2197 1326 2272 uirgo
1355 2195 1620 2272 pulchra,
1652 2206 1713 2254 et
1740 2215 1859 2272 quo
1890 2197 2074 2273 magis
2102 2197 2352 2272 diceres,

774 2295 875 2352 Nil
904 2295 1108 2353 aderat
1136 2293 1460 2352 adiumenti
1487 2293 1564 2352 ad
1593 2294 2131 2370 pulchritudinem:
2643 2315 2657 2324 ·
2900 2321 2954 2370 ⁵5

770 2392 1030 2467 Capillus
1061 2410 1283 2466 passm,
1313 2390 1506 2449 nudus
1536 2409 1662 2467 pes,
1692 2391 1821 2466 ipsa
1847 2390 2103 2464 horrida,

773 2490 1114 2561 lacrumae,
1143 2489 1388 2546 uestitus
1418 2489 1602 2563 turpis
1626 2509 1639 2545 :
1684 2497 1767 2560 ut,
1796 2489 1857 2545 ni
1886 2491 1973 2548 uis
2003 2489 2145 2548 boni

774 2587 847 2644 In
875 2589 1001 2662 ipsa
1028 2587 1245 2644 inesset
1273 2586 1477 2658 forma,
1508 2584 1660 2643 haec
1687 2586 1935 2645 formam
1965 2590 2385 2663 extinguerent.

774 2684 882 2742 Ille
909 2684 1011 2758 qui
1039 2683 1194 2742 illam
1224 2683 1461 2742 amabat
1490 2683 1811 2756 fidicinam,
1840 2687 2070 2742 tantum
2098 2683 2282 2743 modo

772 2786 789 2813 ‘
809 2781 958 2840 Satis
979 2783 992 2808 ⁹
1023 2781 1212 2856 inquit
1239 2785 1256 2812 ‘
1275 2781 1475 2839 scitast
1496 2782 1509 2808 ²
1531 2802 1549 2854 3
1581 2785 1785 2840 noster
1811 2799 1957 2839 uero
2002 2826 2015 2840 .
2061 2826 2075 2840 .
2120 2783 2234 2840 DA.
2279 2782 2409 2840 Iam
2436 2781 2601 2849 scio:
2894 2795 2960 2842 60
3040 2822 3047 2829 -

771 2881 986 2938 Amare
1015 2879 1233 2955 coepit.
1317 2879 1430 2938 GE.
1473 2879 1611 2938 Scin
1641 2880 1861 2955 quam?
1900 2897 2021 2955 quo
2050 2878 2266 2938 euadat
2292 2879 2450 2938 uide.

774 2961 1060 3036 Postridie
1089 2975 1168 3034 ad
1198 2995 1374 3035 anum
1405 2979 1568 3036 recta
1594 2977 1821 3053 pergit:
1868 2978 2157 3050 obsecrat,

769 3075 850 3132 Vt
878 3075 988 3134 sibi
1015 3075 1140 3132 eius
1167 3075 1343 3132 faciat
1371 3075 1626 3151 cepiam.
1708 3074 1807 3132 illa
1834 3075 1995 3134 enim
2024 3077 2085 3133 se
2115 3083 2292 3150 negat

773 3172 988 3246 Neque
1015 3189 1151 3230 eum
1181 3174 1436 3246 aequom
1465 3175 1546 3230 a‘it
1575 3172 1767 3231 facere
1792 3193 1805 3230 ε
1850 3171 2009 3230 illam
2036 3171 2229 3230 ciuem
2258 3189 2387 3231 esse
2416 3161 2699 3246 Atticam,

772 3271 999 3328 Bonam
1029 3268 1200 3330 bonis
1229 3272 1614 3346 prognatam:
1662 3269 1711 3328 si
1736 3272 1983 3328 uxorem
2010 3269 2170 3343 uelit,
2532 3295 2538 3301 ·
2894 3283 2953 3344 65

773 3368 934 3442 Lege
962 3367 1024 3426 id
1052 3367 1229 3425 licere
1259 3368 1454 3426 facere
1476 3388 1493 3440 3
1537 3367 1628 3425 sin
1657 3367 1843 3440 aliter,
1871 3376 2067 3444 negat.

772 3466 992 3524 Noster
1017 3465 1161 3540 quid
1191 3475 1391 3541 ageret
1419 3465 1686 3524 neseire:
1732 3475 1793 3524 et
1820 3464 1977 3523 illam
2006 3465 2228 3524 ducere

771 3562 1068 3641 Cupiebat
1095 3571 1156 3624 et
1185 3563 1488 3622 metuebat
1513 3563 1822 3622 absentem
1850 3571 2098 3640 patrem.
