3259 4134
406 302 475 353 50
1159 300 1316 349 HEA
1335 299 1544 349 VTON
1590 299 1833 348 TJMOR
1846 299 2163 348 VMENOS.
2704 301 2913 366 [v.1.33

564 484 681 544 (ΣΗ.
732 480 1002 560 (laughs)
1055 481 1367 540 Habahae.
1471 481 1598 539 ΜΕ.
1656 479 1819 556 Quid
1874 480 2089 540 risisti?
2184 481 2302 541 (ΣΗ.
2357 481 2523 541 Serui
2574 484 2795 542 uenere
2850 484 2916 542 in

1167 580 1432 638 mentem
1462 577 1587 654 Syri

721 675 1105 738 effidimtes.
1189 677 1315 735 ΜΕ.
1365 660 1534 735 itane
1551 676 1580 734 ?
1660 675 1776 735 (ΣΗ.
1814 674 2179 754 (chuckling)
2215 675 2424 735 Voltus
2459 679 2698 753 quoque
2739 676 2899 737 hom·

1165 774 1330 834 inum
1359 774 1525 850 fingit
1553 773 1762 832 scelus.

563 874 689 932 ΜΕ.
719 873 950 933 Gnatus
977 872 1142 948 quod
1171 891 1235 931 se
1262 870 1574 931 adsimulat
1599 872 1839 944 laetum,
1868 870 1930 931 id
1959 868 2150 930 dicis?
2230 871 2346 931 (ΣΗ.
2386 869 2480 930 Id.
2564 873 2689 931 ΜΕ.
2734 872 2907 932 Idem

1161 969 1312 1029 istuc
1340 969 1488 1028 mihi
2856 995 2909 1044 ις

722 1066 902 1125 Venit
943 1066 1006 1124 in
1047 1068 1327 1126 mentem.
1411 1068 1529 1126 (ΣΗ.
1579 1065 1946 1144 (chuckling)
1995 1067 2327 1126 Veterator.
2416 1067 2545 1126 ΜΕ.
2602 1065 2817 1144 Μάςίε,
2860 1067 2913 1126 si

1165 1164 1352 1242 magis
1379 1168 1554 1238 noris,
1584 1171 1757 1242 putes

400 1258 520 1318 890
725 1246 820 1319 ita
860 1279 987 1321 rem
1029 1279 1175 1321 esse.
1261 1263 1378 1322 (ΣΗ.
1421 1262 1537 1320 Ain
1563 1262 1672 1321 tu?
1752 1263 1877 1321 ΜΕ.
1921 1260 2081 1336 Quin
2108 1271 2171 1321 tu
2198 1261 2478 1322 ausculta.
2561 1262 2681 1322 (ΣΗ.
2723 1262 2910 1321 Mane

1165 1361 1326 1434 dum,
1357 1360 1472 1419 hoc
1500 1360 1661 1436 prius
1690 1359 1841 1419 scire
1869 1361 2105 1434 expete,

707 1457 890 1532 Quid
918 1458 1265 1535 perdideriS.
1348 1477 1486 1516 nam
1514 1457 1617 1517 ubi
1647 1457 2005 1534 desponsam
2032 1456 2312 1516 nuntiasti
2341 1456 2485 1530 filio,

723 1558 1028 1617 Continuo
1055 1557 1324 1616 iniecisse
1353 1555 1538 1615 uerba
1562 1555 1670 1614 tibi
1700 1556 2071 1614 Dromonem
2098 1553 2343 1628 scilicet,

723 1654 988 1730 Sponsae
1033 1663 1260 1714 uestem
1303 1671 1509 1712 aurum
1553 1655 1732 1729 atque
1776 1652 2015 1712 ancillas
2062 1655 2213 1729 opus
2262 1669 2427 1712 esse:
2486 1661 2794 1728 argentum
2842 1656 2913 1712 ut

1165 1751 1357 1810 dares.
2851 1777 2912 1809 20

577 1850 699 1907 ΜΕ.
734 1849 896 1908 Νόιι.
979 1849 1098 1908 (ΣΗ.
1148 1848 1526 1927 (surprised)
1575 1846 1783 1923 Quid?
1832 1850 1999 1908 non?
2078 1849 2203 1907 ΜΕ.
2262 1849 2402 1907 Νοιι
2444 1851 2703 1924 inquam.
2786 1848 2909 1908 (ΣΗ.

1167 1947 1382 2022 Neque
1411 1946 1538 2023 ipse
1564 1947 1819 2022 gnatus?
1898 1947 2025 2005 ΜΕ.
2070 1945 2173 2004 Nil
2199 1947 2486 2021 prorsum,
2517 1945 2823 2006 Chremes.

401 2045 520 2106 895
723 2043 916 2120 Magis
943 2062 1126 2103 unum
1154 2043 1332 2102 etiam
1361 2043 1594 2116 instaxe,
1622 2053 1688 2103 ut
1716 2043 1897 2102 hodie
1924 2044 2313 2104 conficiantur
2338 2044 2600 2120 nuptiae.

453 2181 462 2188 -
563 2144 683 2204 (ΣΗ.
734 2141 1048 2219 (puzzled)
1084 2143 1240 2200 Mira
1278 2160 1494 2201 narras,
1575 2141 1721 2217 quid
1763 2142 1939 2217 Syrus
1979 2143 2191 2202 meus?
2248 2159 2326 2200 ne
2367 2144 2416 2201 is
2455 2141 2699 2218 quidem
2740 2142 2909 2218 quic-

1160 2241 1340 2314 quam
1354 2240 1382 2297 ?
1463 2239 1588 2297 ΜΕ.
1633 2238 1815 2299 Nihil.

563 2338 681 2398 (ΣΗ.
732 2335 1182 2414 (thoughffully)
1219 2337 1414 2411 Quam
1457 2337 1537 2396 ob
1579 2355 1725 2410 rem,
1752 2337 1976 2396 nescio.
2060 2339 2187 2398 ΜΕ.
2224 2337 2689 2415 (εανιαείίιαὶζγ)
2724 2323 2909 2414 Equi-

1165 2432 1306 2492 dem
1335 2434 1530 2506 miror‚
1561 2435 1664 2510 qui
1692 2434 1805 2492 alia
1830 2443 1951 2494 tam
1978 2435 2155 2512 plane
2184 2435 2349 2495 scias,

723 2529 843 2591 Sed
868 2531 964 2590 ille
991 2539 1157 2590 tuom
1187 2534 1425 2608 quoque
1453 2533 1626 2608 Syrus
1652 2530 1875 2591 eisdem
1904 2535 2048 2591 mire
2077 2532 2245 2592 finxit
2272 2533 2477 2606 silium,
2850 2559 2908 2608 25

720 2612 802 2687 Vt
829 2646 904 2687 ne
937 2629 1242 2705 paululum
1266 2628 1509 2705 quidem
1538 2630 1770 2689 subolat
1799 2633 1927 2690 esse
1956 2629 2209 2688 amicam
2240 2630 2392 2689 hanc
2423 2631 2670 2691 Cliniae.

401 2725 520 2786 900
561 2727 678 2787 (ΣΗ.
723 2724 886 2801 Quid
913 2725 1075 2802 agit?
1153 2727 1279 2786 ΜΕ.
1323 2727 1504 2786 Mitto
1525 2727 1644 2786 iam
1665 2727 1917 2787 osculari
1944 2737 2121 2805 atque
2145 2727 2499 2805 amplexari:
2544 2727 2609 2788 id
2634 2728 2717 2788 nil
2738 2738 2907 2806 puto.

562 2824 678 2884 (ΣΗ.
724 2822 885 2899 Quid
928 2833 1019 2882 est
1057 2822 1224 2899 quod
1263 2825 1514 2901 amplius
1557 2825 1901 2885 simuletur?
1994 2828 2120 2886 ΜΕ.
2161 2826 2312 2885 Vah.
2408 2826 2527 2886 (ΣΗ.
2571 2825 2735 2902 Quid
2777 2828 2912 2886 est?

993 2941 1000 2946 ·
1162 2923 1288 2981 ΜΕ.
1330 2921 1488 2982 Audi
1515 2923 1718 2983 modo·

724 3004 834 3077 Est
861 3019 943 3077 mi
970 3019 1033 3077 in
1059 3019 1276 3078 ultimis
1302 3020 1586 3080 conclaue
1614 3021 1769 3080 hisce
1795 3020 2042 3082 aedibus
2068 3021 2377 3098 quoddam
2404 3030 2599 3082 retro:

723 3117 864 3174 Huc
893 3125 983 3175 est
1010 3117 1163 3176 intro
1191 3117 1340 3176 latus
1367 3118 1572 3192 lectuS,
1601 3119 1967 3178 uestimentis
1996 3121 2207 3178 stratus
2236 3129 2344 3180 est.
2849 3147 2909 3194 30

561 3214 677 3273 CH.
731 3213 1105 3292 (anxiously)
1144 3214 1306 3289 Quid
1347 3225 1665 3292 postquam
1706 3216 1823 3276 hoc
1866 3225 1955 3277 est
1996 3216 2259 3277 factum?
2338 3218 2465 3277 ΜΕ.
2509 3217 2755 3278 Dictum
2782 3217 2905 3277 fac-

1165 3321 1290 3371 tum
1319 3313 1436 3372 huc
1463 3314 1608 3374 abiit
1638 3314 1918 3392 Clitipho.

399 3405 518 3466 905
561 3409 677 3467 (ΣΗ.
720 3408 932 3468 Stilus?
999 3408 1121 3466 ΜΕ.
1168 3409 1354 3470 Solus.
1431 3411 1548 3471 (ΣΗ.
1589 3412 1822 3472 'I'imeo.
1899 3415 2023 3472 ΜΕ.
2067 3413 2318 3472 Bacchis
2344 3416 2719 3474 consecutast
2744 3413 2903 3473 ilico.

468 3525 472 3530 ·
561 3504 678 3564 (ΣΗ.
721 3505 897 3564 Sola?
978 3507 1105 3566 ΜΕ.
1153 3507 1308 3566 Sola.
1390 3509 1506 3569 (ΣΗ.
1558 3509 1731 3569 Perii.
1814 3511 1943 3569 ΜΕ.
1988 3509 2107 3572 Vbi
2146 3511 2345 3574 abiere
2392 3513 2566 3586 intre,
2614 3527 2905 3591 operuere

1164 3604 1400 3664 ostium.
1483 3606 1602 3666 (ΣΗ.
1644 3607 1828 3680 Hem,
