3259 4134
355 303 554 374 'id-52]
1119 306 1278 355 HEA
1295 305 1505 355 VTON
1550 306 1793 355 TJMOR
1807 306 2124 356 VMENOS.
2806 307 2864 358 11

641 487 904 563 Quaeso,
946 485 1094 563 quid
1133 485 1215 546 de
1256 496 1316 547 te
1357 488 1586 546 tautum
1627 487 2062 547 commeruisti?
2144 489 2269 547 ΜΕ.
2314 488 2523 547 Eheu!
2614 487 2865 566 (Bursts

1081 585 1207 644 into
1235 583 1444 662 κανᾶ.)

487 683 605 744 CH.
645 683 743 742 Ne
771 682 1049 756 laci-uma,
1077 691 1257 758 atque
1283 682 1454 755 istuc,
1483 681 1775 759 quidquid
1804 691 1913 755 est,
1942 683 2037 742 fac
2066 701 2162 742 me
2191 686 2257 742 t'1t
2284 683 2503 742 sciam:

642 782 738 840 Ne
765 780 968 854 retice,
996 797 1074 838 ne
1101 782 1325 853 uetere,
1355 779 1537 839 crede
1565 780 1809 855 inquam
1838 781 2021 838 mihi:
2788 779 2867 839 85

640 879 759 937 Aut
787 876 1160 937 consolando
1187 886 1289 937 aut
1315 877 1564 937 consilio
1591 887 1695 935 aut
1722 894 1785 935 re
1814 877 2037 936 iuuerO.

360 1002 412 1050 35
484 977 610 1036 ΜΕ.
647 974 914 1053 (looking
936 974 1045 1053 up)
1081 975 1244 1035 Scire
1278 975 1395 1034 hoc
1421 975 1554 1034 uis?
1636 974 1753 1035 CH.
1800 976 1937 1033 Hac
1966 973 2211 1049 quidem
2238 977 2416 1033 causa
2443 993 2561 1050 qua
2589 974 2709 1033 dixi
2738 976 2862 1035 tibi.

479 1076 605 1133 ΜΕ.
636 1074 902 1133 Dicetur.
987 1073 1105 1133 CH.
1146 1073 1226 1131 At
1247 1071 1390 1132 istos
1420 1074 1637 1131 rastros
1664 1072 1889 1133 interea
1916 1082 2117 1131 tamen

636 1170 915 1248 Adpone,
960 1188 1038 1230 ne
1085 1170 1307 1230 labora.
1389 1172 1516 1230 ΜΕ.
1588 1169 1834 1248 (plying
1875 1170 1969 1229 his
2012 1171 2119 1227 hoe
2164 1168 2518 1246 vtssgorously)
2576 1171 2863 1229 Minume.

1081 1268 1200 1328 Cn.
1244 1268 1440 1343 Quam
1467 1285 1595 1326 rem
1623 1267 1789 1344 agis?

479 1368 605 1427 ΜΕ.
635 1367 772 1426 Sine
801 1368 920 1439 me,
948 1365 1230 1425 uociuom
1257 1369 1494 1442 tempus
1519 1384 1598 1424 ne
1626 1366 1791 1441 quod
1820 1366 1960 1425 dem
1991 1365 2135 1424 mihi
2786 1364 2865 1423 90

639 1463 902 1524 Laboris·
985 1465 1105 1524 CH.
1163 1463 1400 1539 (taking
1443 1463 1535 1522 the
1582 1463 1691 1521 hoe
1725 1461 1896 1538 from
1946 1461 2103 1539 him)
2158 1464 2299 1521 Non
2347 1463 2555 1535 sinam,
2606 1466 2863 1538 inquam.

1081 1562 1207 1620 ΜΕ.
1249 1561 1362 1634 Ah,
1390 1579 1512 1619 non
1540 1564 1795 1636 aequom
1828 1561 1989 1620 facis,

353 1687 414 1731 40
480 1660 600 1720 CH.
639 1660 868 1736 (loting
901 1660 978 1718 its
1016 1657 1259 1735 weight)
1297 1659 1443 1730 Hui,
1471 1661 1596 1716 tam
1637 1658 1831 1733 grauis
1871 1658 1998 1731 hos,
2042 1660 2305 1733 quaeso?
2386 1659 2508 1716 ΜΕ.
2554 1658 2649 1716 Sic
2691 1659 2863 1716 meri-

1082 1759 1266 1816 tumst
1293 1773 1514 1814 meum.

479 1855 598 1915 Cn.
629 1855 862 1933 (laying
897 1855 953 1913 it
985 1851 1188 1932 down)
1235 1853 1412 1912 Nunc
1454 1852 1715 1928 loquere.
1813 1854 1941 1912 ΜΕ.
1983 1853 2195 1912 Filium
2238 1853 2477 1911 unicum
2520 1852 2862 1912 adulescen-

1081 1952 1266 2010 tulum

645 2049 887 2109 Habeo,
969 2049 1064 2123 ah,
1095 2048 1240 2124 quid
1267 2047 1434 2108 dixi?
1473 2048 1695 2108 habere
1722 2050 1863 2107 me?
1902 2048 2089 2122 immo
2116 2048 2313 2126 habui,
2344 2049 2633 2109 Chremes
2653 2069 2671 2122 3

639 2147 816 2206 Nunc
872 2146 1126 2206 hAbeam
1179 2163 1370 2204 necne
1427 2146 1792 2205 incertumst.
1897 2146 2016 2206 Cn.
2074 2145 2237 2220 Quid
2298 2146 2381 2203 ita
2440 2146 2591 2204 istuc
2607 2148 2635 2203 Ρ
2736 2148 2862 2206 ΜΕ.

1075 2244 1256 2304 Scies.
2784 2242 2865 2301 95

640 2343 748 2401 Est
775 2344 810 2402 έ
837 2340 1133 2402 Corintho
1159 2341 1256 2400 hic
1284 2340 1517 2400 aduena
1545 2359 1692 2400 anus
1718 2341 2117 2418 paupercula3

351 2465 408 2515 45
643 2440 786 2499 Eius
815 2439 997 2498 filiam
1025 2438 1120 2498 ille
1149 2441 1349 2497 amare
1377 2439 1579 2514 coepit
1606 2438 1857 2514 perdite,

638 2539 830 2614 Prope
866 2534 1052 2616 [iam]
1085 2540 1152 2596 ut
1179 2554 1286 2612 pro
1313 2553 1496 2594 uxore
1524 2535 1805 2595 haberet:
1850 2536 2000 2595 haec
2028 2537 2181 2594 clam
2210 2555 2305 2595 me
2336 2536 2553 2597 Omnia.

638 2635 755 2694 Vbi
784 2636 912 2693 rem
941 2634 1172 2707 resciui,
1202 2633 1378 2709 coepi
1405 2652 1528 2692 non
1557 2633 1893 2692 humauitus

641 2733 854 2808 Neque
883 2741 949 2791 ut
975 2732 1238 2790 animum
1268 2730 1471 2790 decuit
1499 2733 1806 2806 aegrotum
1834 2731 2260 2791 adulescentuli
2745 2729 2863 2789 100

634 2832 934 2903 Tractat-e,
965 2828 1072 2888 sed
1101 2830 1161 2888 ui
1190 2839 1250 2888 et
1279 2832 1375 2887 uia
1404 2829 1750 2904 peruolgata
1778 2839 2027 2904 patrum.

355 2953 413 3001 50
642 2926 907 2987 Cottidie
934 2927 1323 2986 accusabam:
1370 2929 1388 2958 ‘
1407 2925 1564 2999 hem,
1595 2927 1779 2987 tibine
1809 2926 1957 2985 haec
1986 2926 2201 2985 diutius

641 3025 1078 3100 Licere'speras
1110 3023 1304 3082 facere
1335 3041 1432 3082 me
1461 3024 1603 3083 uiu6
1631 3033 1819 3100 patre,
2001 3007 2020 3034 ⁸

638 3124 908 3181 Amicam
935 3131 1000 3180 ut
1029 3121 1248 3181 habeas
1276 3126 1466 3197 prope
1495 3121 1615 3180 iam
1642 3122 1705 3179 in
1731 3124 1925 3180 uxoris
1951 3121 2086 3180 loco
2100 3123 2129 3180 Ρ

640 3220 834 3292 Emis,
863 3219 912 3278 si
939 3219 1001 3279 id
1029 3219 1242 3292 credis,
1272 3223 1333 3278 et
1361 3237 1458 3278 me
1489 3219 1741 3295 ignom,
1770 3219 1981 3279 Clinia.
2745 3216 2865 3276 105

641 3318 774 3394 Ego
800 3318 861 3376 te
890 3335 1089 3376 meum
1118 3335 1249 3377 esse
1278 3316 1398 3376 dici
1427 3317 1714 3392 tantisper
1738 3317 1899 3390 11010,

357 3441 409 3490 55
643 3416 804 3473 Dum
830 3414 995 3490 qubd
1022 3424 1081 3473 te
1110 3414 1410 3491 dignumst
1437 3414 1618 3473 facies
1640 3435 1657 3488 3
1700 3414 1809 3473 sed
1838 3414 1887 3472 si
1908 3413 1969 3472 id
1998 3416 2121 3472 n6n
2148 3414 2308 3488 facis»,

640 3514 774 3589 Ego
799 3511 966 3588 quod
996 3530 1094 3570 me
1121 3512 1184 3570 in
1209 3521 1270 3571 te
1299 3512 1373 3570 sit
1400 3512 1592 3571 facere
1623 3511 1869 3588 dignum
1900 3512 2198 3571 inuenero,

642 3608 818 3668 Nulla
846 3608 1002 3668 adeo
1031 3627 1104 3667 ex
1132 3628 1194 3668 re
1223 3609 1373 3668 istuc
1405 3609 1471 3668 fit
1499 3609 1610 3668 nisi
1642 3628 1717 3668 ex
1743 3609 1927 3668 nimio
1956 3609 2095 3668 6ti0.
