3259 4134
575 228 642 278 50

657 390 771 446 DE.

599 603 626 642 δ

577 1091 627 1131 ιο
656 1077 772 1135 ΒΕ.

574 1853 631 1909 V
658 1853 767 1909 ΑΕ.

660 2144 774 2202 DE.

661 2341 776 2398 DE.

579 3133 630 3172 10

581 3717 631 3759 15

1426 223 1827 273 ADELPHOE.
2114 225 2187 289 [V
2206 226 2253 285 6,
2270 239 2424 289 3-103
2470 239 2515 291 7,
2540 240 2676 292 1-15.

817 388 873 447 Ο
903 390 1005 463 qui
1031 388 1289 446 uocare?
1343 388 1457 446 GE.
1500 389 1673 446 Geta.
1732 389 1847 446 DE.
1874 390 2065 461 Geta,
2088 389 2391 449 homiuem
2419 393 2676 449 mAxumi

818 488 973 543 Preti
1003 494 1060 542 te
1091 503 1218 542 esse
1248 483 1427 543 hodie
1457 484 1715 544 iudicaui
1742 486 1943 545 animo
1971 505 2145 545 meo:

821 586 978 642 Nam
1011 584 1057 641 is
1089 583 1230 642 mihi
1260 583 1528 658 profecto
1558 593 1647 642 est
1674 586 1876 642 seruos
1905 587 2204 661 spectatus
2233 587 2388 659 satiS,

818 684 976 758 Quoi
993 681 1282 742 dominus
1314 692 1560 754 curaest,
1594 687 1675 741 ita
1700 683 1784 742 uti
1814 683 1920 741 tibi
1948 687 2121 756 sensi,
2151 685 2324 756 Geta,

818 785 898 841 Et
925 783 1030 841 tibi
1058 783 1138 841 ob
1167 801 1300 840 eam
1329 800 1472 856 rem,
1503 781 1698 857 siquid
1726 801 1863 841 usus
1890 783 2138 854 uenerit,
2558 785 2670 860 895

820 882 1056 940 Lubens
1085 880 1238 940 bene
1270 881 1465 938 faxim.
1550 878 1774 958 (aside)
1811 878 2068 938 meditor
2092 897 2220 939 esse
2251 879 2535 951 adfabili8‚

820 981 900 1036 Et
919 979 1073 1037 bene
1103 977 1392 1054 procedit.
1477 979 1589 1037 GE.
1636 979 1833 1036 B6nus
1857 995 1937 1048 es,
1960 995 2144 1052 quom
2165 976 2313 1035 haec
2343 980 2674 1036 existumas.

823 1077 1037 1154 (mide,
1067 1083 1123 1133 to
1163 1074 1504 1152 spectators)
1545 1075 1831 1132 Paulatim
1872 1074 2111 1150 plebem
2152 1073 2467 1152 primulum
2522 1074 2675 1132 facio

1460 1191 1677 1232 meam.

926 1425 992 1482 E
995 1432 1126 1482 nter
1162 1425 1502 1482 AESCHIst
1523 1422 1696 1508 from
1725 1424 1819 1481 lu's
1841 1422 2105 1497 father's
2132 1424 2327 1481 house.

879 1590 1216 1648 AEscfflst
1253 1586 1732 1666 (ADVLESCENS).
1819 1589 2042 1646 DEMEA
2078 1587 2368 1665 (SENEx).

1235 1687 1436 1757 SvRvs,
1469 1687 1640 1744 GETA
1671 1686 1879 1759 (SERVI
1921 1684 1992 1762 11)
2006 1729 2019 1743 .

816 1850 1223 1928 (impatiently,
1243 1869 1312 1907 as
1333 1850 1406 1907 he
1426 1867 1608 1907 comes
1630 1849 1768 1925 out)
1808 1848 2110 1909 Occidunt
2132 1867 2228 1907 me
2251 1848 2511 1924 quidem,
2534 1849 2675 1908 dum

1463 1947 1636 2004 nimis
1666 1956 1896 2004 sanctas
1926 1947 2159 2021 nuptias

820 2044 1071 2105 Student
1099 2044 1288 2102 facere
1313 2067 1324 2101 z
1370 2044 1431 2101 in
1460 2043 1806 2120 adparando
1836 2047 2191 2102 consumunt
2220 2042 2399 2102 diem.
2562 2063 2678 2120 900

819 2141 983 2218 Quid
1032 2142 1234 2217 agitur,
1283 2141 1620 2200 Aeschine?
1700 2144 1808 2200 AE.
1854 2127 2066 2213 Ehem,
2117 2150 2284 2216 pater
2332 2141 2430 2213 mi,
2479 2151 2541 2199 tu
2583 2141 2678 2199 hic

1464 2240 1633 2297 eras?

817 2339 978 2396 Tuos
1006 2337 1202 2394 hercle
1231 2354 1374 2393 uero
1403 2345 1463 2393 et
1491 2336 1689 2393 animo
1719 2345 1780 2393 et
1807 2339 2011 2394 natura
2038 2345 2223 2411 pater,

824 2435 942 2510 Qui
993 2436 1050 2492 te
1102 2443 1262 2491 amat
1308 2433 1438 2508 plus
1487 2450 1665 2507 quam
1709 2432 1889 2490 hosce
1930 2434 2149 2491 Oculos.
2235 2431 2343 2490 sed
2371 2451 2519 2507 quor
2558 2436 2679 2492 non

1464 2529 1711 2588 domum

817 2630 1076 2686 onrem
1107 2627 1399 2685 accersis?
1459 2629 1566 2684 ΑΕ.
1613 2627 1808 2702 Cupio
1832 2649 1847 2698 3
1878 2646 2080 2684 uerum
2103 2626 2218 2686 hoc
2242 2627 2385 2685 mihi
2410 2638 2677 2699 moraest,

816 2726 1089 2784 Tibicina
1115 2734 1176 2782 et
1205 2725 1594 2800 hymenaeum
1623 2724 1723 2798 qui
1754 2725 2012 2782 cantent.
2098 2727 2211 2782 DE.
2258 2707 2415 2796 Eho,‘
2563 2743 2673 2802 905

818 2825 933 2880 Vin
978 2832 1041 2880 tu
1082 2822 1217 2879 huic
1259 2822 1385 2880 seni
1428 2822 1796 2879 auscultare?
1876 2823 1985 2899 ΑΕ.
2030 2821 2235 2895 Quid?
2338 2823 2451 2880 ΒΕ.
2497 2822 2680 2880 Missa

1464 2918 1613 2976 haec
1646 2919 1793 2990 face,

822 3004 1252 3093 Hymenaeum
1269 3017 1466 3075 turbas
1495 3015 1800 3091 lampadas
1831 3016 2115 3087 tibicinaS,

822 3117 1017 3190 Atque
1048 3113 1200 3172 hanc
1229 3114 1291 3170 in
1319 3113 1490 3171 horto
1521 3115 1838 3171 maceriam
1866 3113 2002 3171 iube
2032 3112 2182 3171 dirui

821 3214 1125 3292 Quantum
1154 3220 1352 3287 potest
1373 3231 1390 3284 3
1433 3210 1546 3268 hac
1577 3211 1859 3284 trausfer3
1902 3229 2081 3269 unam
2110 3211 2201 3268 sac
2231 3209 2477 3269 domum
2499 3231 2517 3284 3

819 3309 1092 3368 Traduce
1136 3318 1196 3367 et
1238 3318 1485 3366 matrem
1516 3317 1577 3366 et
1621 3309 1902 3366 familiam
1944 3326 2185 3366 omnem
2228 3307 2305 3366 ad
2355 3312 2481 3367 nos,
2564 3309 2675 3365 ΑΕ.

1467 3406 1686 3476 Placet,
2562 3422 2678 3480 910

822 3505 995 3562 Pater
1019 3501 1419 3578 lepidissume.
1488 3502 1841 3580 DE.(aside)
1870 3503 2055 3578 Euge,
2077 3502 2193 3560 iam
2222 3501 2455 3578 lepidus
2477 3520 2676 3560 uocor.

823 3601 1008 3660 Fratri
1037 3599 1216 3658 aedes
1247 3601 1390 3658 fient
1417 3601 1677 3675 peruiae,
1710 3601 1939 3659 turbam
1969 3600 2215 3658 domum

817 3696 1112 3770 Adducet,
1143 3705 1380 3775 sumptu
1401 3700 1639 3758 amittet
1668 3698 1884 3756 multa:
1932 3696 2073 3776 quid
2104 3699 2279 3760 mea?
