3259 4134
397 296 459 346 18
1466 293 1826 342 PHORM'IO.
2674 295 2905 360 [iiam-

1053 397 1124 416 ἀ·

569 478 684 536 ΑΝ.
716 475 879 551 Quid
906 477 1122 552 agam?
1202 477 1310 533 ΡΗ.
1347 474 1438 553 (to
1467 472 1668 551 (ΞΕΓΑ)
1708 471 1871 549 Quid
1910 475 2039 532 ais?
2118 475 2235 534 (ΞΕ.
2269 475 2363 553 (h
2404 475 2737 550 Pmoun,

1185 574 1463 649 pointing
1487 580 1542 630 to
1570 570 1877 649 Amxpno)
1910 573 2105 631 Huius
2132 581 2365 650 patrem
2384 572 2605 633 uidisse
2625 592 2742 648 me,

1203 669 1329 749 [et]
1366 672 1641 746 patruom
1672 679 1857 729 tuom.

393 769 512 828 200
573 771 687 828 AN.
719 771 876 828 Nam
905 769 1069 844 quod
1097 787 1211 845 ego
1238 767 1374 826 huic
1408 786 1565 826 nunc
1609 767 1807 827 subito
1848 767 2031 828 exitio
2072 766 2402 830 remedium
2442 768 2742 830 inueniam

1201 867 1377 925 miser
1390 867 1419 925 P

727 966 1230 1042 (apostrophizing
1255 961 1568 1040 PHAMUM)
1599 963 1783 1038 Quod
1812 964 1861 1023 si
1888 982 1965 1023 eo
1986 981 2157 1022 meae
2179 965 2449 1023 fortunae
2470 964 2739 1038 redeunt,

1198 1062 1505 1135 Phonium,
1535 1062 1641 1121 abs
1670 1071 1727 1119 te
1758 1071 1822 1120 ut
1849 1060 2157 1134 distrahar,

717 1161 948 1220 Nullast
976 1160 1122 1219 mihi
1148 1161 1270 1219 uita
1297 1157 1652 1236 expetenda.
1735 1159 1851 1218 (ΞΕ.
1896 1159 2056 1235 Ergo
2084 1163 2264 1218 istaec
2291 1177 2475 1236 quom
2503 1159 2585 1218 ita
2604 1161 2739 1232 sint,

1063 1259 1066 1266 '
1197 1248 1484 1334 AntiphO,
1543 1293 1550 1300 -

715 1359 910 1415 Tanto
940 1357 1125 1432 magis
1154 1366 1214 1414 te
1242 1354 1559 1431 aduigilare
1587 1365 1937 1432 aequomst:
1980 1355 2145 1414 fortis
2174 1355 2407 1414 fortuna
2432 1354 2690 1414 Adiuuat.
2844 1381 2898 1430 25

572 1456 686 1512 AN.
717 1455 860 1512 Non
885 1472 1015 1512 sum
1043 1453 1204 1529 apud
1233 1472 1348 1512 me.
1432 1454 1544 1513 (ΞΕ.
1588 1453 1770 1528 Atqui
1798 1457 1949 1530 opus
1968 1462 2061 1512 est
2079 1471 2238 1511 nunc
2258 1470 2443 1529 quom
2464 1456 2738 1512 maxume

1197 1561 1262 1610 ut
1291 1551 1387 1624 siS,
1417 1541 1689 1628 Antipho
1708 1571 1727 1624 ς

395 1648 514 1707 205
718 1651 875 1707 Nam
905 1649 954 1708 si
981 1653 1227 1708 senserit
1256 1659 1316 1707 te
1345 1649 1620 1709 timidum
1648 1651 1819 1723 pater
1843 1667 1992 1722 esse,
2021 1649 2394 1709 arbitrabitur

717 1747 1154 1806 Commeruisse
1181 1747 1439 1823 culpam.
1524 1748 1635 1806 ΡΗ.
1667 1748 1808 1806 Hoc
1829 1755 2108 1806 uerumst.
2191 1748 2304 1806 AN.
2336 1748 2477 1806 Non
2498 1765 2739 1823 possum

1200 1843 1558 1904 inmutarier.

573 1943 686 2002 (ΞΕ.
715 1941 878 2016 Quid
907 1943 1150 2016 faceres,
1173 1943 1221 2000 si
1249 1942 1408 2002 aliud
1439 1941 1584 2018 quid
1610 1942 1845 2018 grauius
1872 1942 1980 2002 tibi
2006 1959 2163 2000 nunc
2185 1941 2525 2002 faciundum
2548 1944 2699 2001 soret
2713 1943 2741 2001 P

570 2040 686 2098 AN.
716 2041 916 2114 Quom
943 2038 1060 2100 hoc
1101 2057 1224 2098 non
1262 2059 1524 2118 possum,
1553 2039 1700 2100 illud
1739 2039 1933 2100 minus
1972 2057 2231 2117 possem.
2312 2041 2428 2100 (ΞΕ.
2472 2041 2614 2099 Hoc
2655 2039 2737 2098 nil
2840 2066 2899 2114 30

1197 2147 1304 2212 est,
1336 2137 1658 2198 Phaedria:
1703 2138 1883 2198 ilicet.

717 2234 878 2309 Quid
899 2235 996 2294 hic
1017 2236 1378 2295 conterimus
1399 2239 1645 2313 operam
1668 2235 1920 2294 frustra?
1944 2238 2086 2312 quin
2106 2235 2302 2296 abeo?
2371 2237 2479 2296 ΡΗ.
2511 2237 2588 2294 Et
2608 2234 2733 2311 qui-

1195 2332 1336 2393 dem
1367 2335 1520 2409 egoP
1595 2332 1798 2412 ((ΞΕΤΑ
1826 2334 1961 2391 and
1978 2333 2288 2392 Primum
2306 2341 2468 2393 start
2490 2341 2546 2392 to
2577 2335 2738 2391 leave

1197 2431 1292 2489 the
1317 2429 1524 2506 stage.)
1615 2432 1730 2490 AN.
1769 2429 1943 2509 (calls
1970 2428 2131 2505 after
2155 2429 2341 2507 them)
2378 2414 2664 2503 Obsecro,

392 2524 513 2585 210
717 2526 878 2602 Quid
907 2527 954 2585 si
995 2527 1286 2586 adsimulo
1302 2529 1331 2586 P
1369 2528 1609 2587 satinest
1623 2529 1652 2587 P
1731 2528 1847 2587 (ΞΕ.
1885 2527 2175 2607 (without
2208 2527 2455 2603 turning
2492 2525 2725 2603 round)

1193 2625 1410 2685 Garris.
1476 2627 1590 2684 AN.
1617 2625 1862 2685 Voltum
1882 2624 2406 2701 contemplamini:
2440 2622 2739 2702 (fithning

1195 2740 1280 2780 an
1307 2724 1640 2798 expression
1670 2721 1746 2796 qf
1772 2721 2065 2800 boldness)
2102 2740 2219 2796 em,

714 2818 911 2879 Satine
940 2820 1025 2879 sic
1054 2821 1185 2879 est?
1252 2821 1366 2880 (ΞΕ.
1397 2820 1753 2898 (turningto
1773 2820 1932 2898 look)
1964 2821 2123 2880 Non.
2192 2821 2307 2880 AN.
2338 2819 2515 2899 (with
2535 2820 2739 2878 bolder

1193 2915 1560 2995 expression)
1609 2916 1771 2993 Quid
1816 2918 1865 2977 si
1906 2917 1991 2977 sic
2004 2919 2033 2977 P
2113 2917 2228 2978 (ΞΕ.
2273 2916 2732 2994 Propemodum.

1192 3017 1306 3074 ΑΝ.
1358 3015 1534 3095 (with
1580 3016 1712 3074 still
1747 3015 1949 3075 holder
1987 3013 2149 3092 look)
2202 3013 2365 3090 Quid
2412 3017 2496 3074 sic
2510 3015 2539 3073 P
2619 3015 2733 3076 GE.

1190 3113 1290 3172 Sat
1317 3122 1443 3172 est:

713 3195 847 3284 Em,
875 3210 1026 3270 istuc
1055 3228 1226 3270 serua
1245 3229 1264 3284 ;
1295 3220 1357 3270 et
1384 3211 1632 3270 uerbum
1661 3210 1867 3284 uerb0,
1895 3213 2001 3288 par
2026 3210 2153 3288 pari
2178 3219 2245 3271 ut
2270 3208 2652 3287 respondeas,

715 3308 809 3366 Ne
836 3317 898 3367 te
924 3307 1104 3367 iratus
1131 3311 1250 3367 suis
1277 3307 1590 3368 saeuidicis
1617 3307 1795 3368 dictis
1820 3309 2093 3386 protelet.
2173 3311 2289 3368 Au.
2330 3307 2485 3368 Scio.
2838 3331 2892 3381 ³5

568 3406 680 3464 (ΞΕ.
709 3406 784 3464 Vi
811 3415 1086 3465 coactum
1115 3415 1175 3466 te
1205 3409 1334 3466 esse
1362 3405 1630 3466 inuitum.
1702 3408 1813 3464 ΡΗ.
1843 3407 2021 3481 Lege,
2044 3405 2285 3465 iudicio.
2354 3406 2469 3465 (ΞΕ.
2494 3405 2735 3464 Tenes?

388 3498 507 3562 215
719 3501 885 3581 (Sees
913 3504 1202 3563 ΒΕΜιΡΗο
1229 3503 1681 3580 approaching.)
1748 3501 1867 3563 Sed
1894 3503 2027 3578 quis
2053 3501 2151 3560 hic
2194 3512 2285 3562 est
2324 3505 2523 3576 senex,
2551 3519 2733 3580 quem

1189 3599 1369 3661 uideo
1395 3599 1459 3660 in
1484 3600 1692 3662 ultima
1719 3599 1958 3678 plateaP
1996 3602 2156 3676 ipsus
2185 3609 2293 3660 est.
