3259 4134
467 282 533 334 32
1223 289 1380 337 HEA
1397 290 1448 340 V
1449 290 1498 338 T
1499 290 1606 341 ΟΝ
1654 291 1894 343 TJMOR
1908 293 2130 342 VMEN
2128 295 2224 344 OS.
2748 297 2847 362 [iii.
2852 312 2930 366 3.1
2938 313 2988 364 3.

630 467 724 526 8Υ.
789 468 1130 542 Νιιωᾳιιάηι
1158 469 1534 531 commodius
1562 474 1844 547 umquam
1873 491 2041 536 erum
2068 475 2268 535 audiui
2286 476 2477 552 ioqui,
2526 491 2533 498 ·

465 561 585 620 560
789 565 922 624 Nec
950 569 1134 640 quom
1164 567 1316 625 male
1348 568 1542 626 facere
1571 568 1881 629 crederem
1910 570 1991 636 mi
2020 572 2297 647 inpunius

788 662 1015 723 Licere.
1106 663 1372 742 (lookmg
1415 668 1679 727 towards
1728 668 2039 728 CHREMES'
2038 686 2073 732 s
2117 667 2293 748 door)
2345 671 2477 750 quis
2530 690 2670 796 nam
2718 692 2757 732 a
2802 676 2982 735 nobis

1189 760 1489 837 egreditur
1515 763 1713 826 foras?
2582 813 2589 818 -
2924 800 2980 850 50

1567 964 1765 1024 Seli-NE
1828 985 1885 1041 3.

460 1100 526 1160 E
527 1107 661 1158 nter
699 1101 996 1162 CHREMES
1023 1102 1196 1177 from
1239 1105 1334 1163 his
1374 1106 1572 1179 house,
1607 1093 1754 1166 with
1798 1108 2104 1168 CLITIPHO.
2186 1111 2286 1168 He
2326 1111 2379 1171 is
2418 1113 2484 1170 ln
2526 1131 2567 1171 a
2598 1123 2778 1189 great
2816 1135 2971 1192 rage.

1186 1203 1341 1278 They
1381 1205 1454 1261 do
1497 1213 1604 1262 not
1636 1224 1726 1262 see
1766 1206 1953 1264 SYRUS
1992 1215 2066 1264 at
2080 1205 2241 1281 first.

460 1328 724 1377 CHREMES
753 1328 846 1378 has
870 1328 1030 1380 found
1063 1330 1142 1380 his
1175 1347 1268 1380 son
1302 1333 1479 1396 taking
1511 1333 1733 1384 liberties
1756 1335 1877 1384 with
1902 1337 2152 1396 Baccms,
2177 1337 2415 1386 CumA’s
2436 1327 2670 1396 mistress,
2694 1354 2751 1387 as
2772 1339 2861 1388 the
2886 1340 2973 1389 old

548 1427 667 1459 man
694 1411 916 1462 believes
937 1412 1027 1461 her
1055 1420 1108 1461 to
1137 1414 1220 1472 be.,·
1241 1413 1343 1464 and
1369 1415 1513 1464 takes
1541 1416 1648 1464 him
1675 1422 1727 1465 to
1760 1419 1873 1468 task
1905 1418 2139 1481 severely.
2208 1420 2469 1468 CLITIPHO
2503 1419 2717 1469 defends
2750 1420 2970 1482 himself,

546 1493 636 1542 but
659 1493 712 1541 in
735 1495 859 1543 such
883 1511 914 1544 a
935 1510 1043 1558 way
1067 1495 1176 1544 that
1201 1497 1370 1545 SYRUS
1395 1497 1524 1546 fears
1545 1499 1612 1547 he
1636 1499 1735 1547 will
1758 1500 1930 1564 betray
1954 1501 2259 1564 everything.
2331 1502 2501 1551 SYRUS
2535 1502 2787 1552 therefore
2824 1520 2971 1567 urges

548 1576 656 1624 that
679 1577 942 1625 CL1T1PRo
965 1578 1030 1626 be
1053 1585 1164 1626 sent
1188 1594 1326 1640 away
1347 1581 1671 1630 somewhere.
1730 1583 1897 1631 When
1922 1584 2183 1632 CLITIPHO
2206 1585 2249 1632 is
2269 1600 2421 1647 gone,
2446 1585 2617 1634 SYRUS
2642 1585 2868 1650 explains
2890 1586 2973 1636 his

545 1657 666 1722 plan
691 1658 766 1706 sor
791 1660 1026 1722 cheating
1052 1661 1418 1710 MENEDEMUS.
1487 1663 1754 1713 CHREMES
1778 1666 1904 1714 does
1924 1671 2013 1714 not
2035 1661 2183 1714 think'
2208 1667 2295 1716 the
2320 1666 2440 1731 plan
2462 1683 2493 1719 a
2514 1668 2652 1730 good
2676 1683 2789 1719 one.

912 1796 1275 1855 CHREMES
1597 1795 1965 1854 CLITIPHO
2286 1793 2513 1853 SYRvs

1010 1887 1179 1924 SENEX
1603 1885 1947 1924 ADVLESCENS
2304 1885 2499 1924 SERvos

458 2013 555 2071 ΙΙΙ
574 2038 602 2084 3
631 2012 748 2071 ΕΗ.
787 2007 1217 2088 (indtgnantly)
1270 2008 1429 2083 Quid
1478 2009 1628 2067 istuc
1678 2008 1943 2083 quaeso?
1996 2011 2097 2084 qui
2144 2007 2275 2067 istic
2324 2007 2453 2067 mos
2502 2014 2610 2080 est,
2659 2008 2925 2086 Clitipho
2942 2013 2971 2070 Ρ

1217 2106 1376 2164 itane
1406 2105 1535 2164 fieri
1565 2106 1844 2182 oportet?

631 2207 735 2265 CL.
784 2205 1053 2287 (lamely)
1109 2204 1271 2279 Quid
1321 2222 1432 2281 ego
1481 2203 1639 2262 feci?
1726 2204 1843 2263 ΕΗ.
1885 2202 2066 2262 Vidin
2116 2222 2229 2278 ego
2274 2212 2332 2266 te
2382 2202 2566 2262 modo
2614 2199 2858 2263 manum
2906 2207 2970 2265 in

1219 2301 1410 2360 sinum
1440 2301 1573 2360 huic
1605 2301 1901 2359 meretrici

780 2384 1100 2476 ingerere?
1180 2400 1275 2458 ΞΥ.
1331 2398 1553 2478 (astde)
1603 2401 1758 2456 Acta
1805 2398 1955 2456 haec
2004 2400 2097 2456 res
2146 2407 2271 2457 est:
2332 2398 2498 2474 perii.
2582 2399 2690 2459 CL.
2742 2400 2925 2460 Mene
2942 2403 2971 2460 Ρ

1221 2498 1338 2558 ΕΗ.
1382 2497 1568 2556 Hisce
1599 2496 1802 2569 oculis,
1832 2498 1909 2554 ne
1938 2514 2108 2571 nega.

455 2596 573 2655 565
777 2595 947 2654 Facis
975 2595 1130 2654 adeo
1157 2595 1399 2670 indigne
1427 2594 1699 2653 iniuriam
1727 2593 1828 2667 illi,
1857 2583 1959 2669 qui
1986 2611 2109 2652 non
2138 2562 2435 2652 abstineas
2462 2613 2722 2654 manum.

779 2695 936 2753 Nam
965 2693 1148 2752 istaec
1178 2692 1421 2768 quidem
1449 2691 1882 2763 contumeliast,
2942 2721 2966 2768 5

779 2789 1109 2849 Hominem
1138 2790 1395 2848 amicum
1423 2789 1689 2866 recipere
1717 2789 1796 2849 ad
1824 2799 1884 2847 te
1912 2798 2089 2864 atque
2122 2791 2247 2847 eius
2272 2781 2528 2847 amicam
2558 2786 2893 2876 subigitare.

774 2887 885 2946 Vel
934 2887 1060 2946 heri
1100 2886 1162 2946 in
1202 2887 1344 2946 uino
1387 2905 1566 2964 quam
1607 2885 1973 2946 inmodestus
2015 2885 2191 2960 fuisti,
2278 2888 2371 2946 ΞΥ.
2423 2885 2651 2965 (aside)
2692 2888 2965 2948 Factum.

1220 2986 1337 3046 CH.
1379 2986 1557 3060 quam
1587 2985 1907 3044 molestus!

775 3067 854 3142 Vt
884 3083 1182 3160 equidem,
1213 3083 1296 3141 ita
1323 3101 1420 3141 me
1449 3081 1511 3141 di
1537 3091 1756 3154 ament,
1788 3081 1989 3155 metui,
2020 3081 2163 3156 quid
2194 3081 2449 3140 futurum
2479 3080 2739 3158 denique
2768 3094 2925 3143 esset
2950 3088 2963 3144 !

453 3179 573 3240 570
777 3181 937 3240 Noui
968 3199 1079 3258 ego
1108 3181 1392 3239 amantis:
1439 3180 1700 3238 animum
1729 3178 2049 3238 aduortunt
2076 3179 2512 3256 grauiterquae
2546 3198 2671 3239 non
2695 3181 2962 3240 censeas

629 3279 730 3338 CL.
773 3281 851 3337 At
879 3277 1022 3337 mihi
1047 3277 1198 3338 fides
1227 3277 1386 3353 apud
1416 3278 1574 3337 hunc
1602 3287 1710 3352 est,
1738 3277 1821 3336 nil
1850 3295 1947 3336 me
1977 3277 2139 3336 istius
2169 3276 2477 3351 facturum,
2506 3286 2693 3356 pater.
2854 3353 2859 3360 ἡ
2910 3306 2964 3337 ιο

629 3376 746 3436 ΕΗ.
775 3361 942 3450 Esto,
969 3386 1030 3434 at
1057 3384 1219 3433 certe
1246 3384 1312 3433 ut
1339 3374 1476 3434 hinc
1504 3374 1805 3434 concedas
1832 3374 2029 3452 aliquo
2058 3374 2135 3434 ab
2162 3392 2264 3433 ore
2288 3392 2493 3433 eorum
2521 3365 2961 3452 aliquantisper.

778 3474 970 3531 Multa
995 3473 1109 3531 fert
1134 3472 1376 3532 lubido:
1424 3490 1496 3531 ea
1523 3473 1718 3531 facere
1748 3472 2025 3548 prehibet
2052 3481 2152 3532 tua
2176 3470 2527 3547 praesentia.

777 3571 871 3628 De
899 3589 997 3628 me
1027 3570 1182 3629 facio
1209 3570 1612 3630 coniecturam
1638 3592 1650 3628 :
1694 3573 1929 3629 nemost
1959 3565 2226 3630 meorum
2255 3565 2580 3652 amicorum
2609 3569 2810 3645 hodie,
