3259 4134
443 276 512 325 48
1521 274 1885 327 PHORMIO.
2764 275 2971 343 [v.1.1-

1326 411 1412 502 1..

1564 932 1727 989 ACT
1772 931 1844 988 V.

1556 1110 1749 1167 SCENE
1801 1131 1823 1166 1
1835 1154 1850 1168 .

453 1265 714 1312 DEMIPHO
737 1271 932 1312 returns
954 1264 1080 1312 after
1102 1264 1289 1328 paying
1311 1264 1398 1312 the
1422 1279 1604 1325 money
1629 1269 1683 1312 to
1708 1265 1983 1322 ΡΗΟΕΜῙΟ,
2002 1264 2105 1312 and
2125 1277 2247 1326 goes
2270 1264 2322 1312 in
2345 1271 2397 1313 to
2421 1264 2521 1327 beg
2542 1266 2965 1315 NAUSISTRATA’S

533 1346 761 1404 services,
787 1347 837 1395 in
863 1346 1173 1394 accordanee
1197 1346 1317 1394 with
1342 1345 1420 1394 his
1441 1346 1659 1409 promise
1684 1352 1737 1393 to
1760 1346 1839 1393 his
1868 1346 2086 1394 brother.
2155 1346 2305 1394 GETA
2338 1362 2593 1410 expresses
2625 1341 2689 1395 in¹
2711 1348 2966 1412 soliloquy

532 1429 612 1478 his
634 1428 763 1478 fears
786 1428 862 1477 for
886 1429 971 1477 the
997 1428 1176 1487 future,
1201 1428 1252 1476 in
1277 1427 1404 1492 spite
1429 1427 1487 1475 os
1514 1428 1600 1476 the
1624 1439 1821 1476 success
1844 1428 1903 1477 of
1930 1427 2011 1476 his
2032 1428 2177 1492 plans
2200 1428 2316 1477 thus
2340 1428 2427 1478 far.

957 1541 1192 1641 [Emer
1217 1564 1504 1619 DEMIPHO
1533 1563 1666 1618 and
1686 1562 1858 1619 GErA
1876 1561 2050 1636 from
2078 1563 2325 1634 Forum,
2356 1560 2447 1640 R.]

1225 1711 1578 1767 DEMIPHO
1984 1711 2190 1768 GETA

1325 1819 1493 1854 εΕΝΕκ
1790 1851 1803 1864 ,
1993 1818 2187 1868 snssvos

448 1925 503 1982 V
530 1951 556 1981 2
627 1926 742 1983 DE.
773 1926 1093 1998 NostrApte
1123 1924 1297 1998 culpa
1325 1924 1572 1982 facimus
1599 1933 1665 1982 ut
1695 1924 1859 1982 malis
1888 1924 2166 1998 expediat
2194 1926 2343 1997 esse,

772 2023 930 2080 Dum
961 2021 1206 2078 nimium
1237 2021 1355 2079 dici
1384 2027 1494 2080 nos
1522 2022 1715 2079 bonos
1742 2020 2045 2079 studemus
2075 2031 2134 2079 et
2163 2022 2468 2097 benignos,

773 2120 866 2176 Ita
895 2119 1079 2194 fugias
1107 2137 1182 2176 ne
1211 2121 1448 2194 praeter
1474 2137 1693 2190 casam,
1722 2118 1885 2193 quod
1914 2118 2090 2176 aiunt.
2175 2138 2373 2177 nonne
2402 2120 2466 2178 id
2494 2123 2583 2178 sat
2611 2130 2755 2193 erat,

769 2218 1056 2291 Accipere
1085 2217 1162 2275 ab
1190 2216 1289 2274 illo
1318 2216 1631 2273 iniuriam?
1672 2216 1852 2273 etiam
1880 2217 2243 2291 argentumst
2269 2217 2421 2275 ultro
2449 2216 2769 2291 obiectum,

448 2313 566 2372 770
767 2316 847 2372 Vt
876 2317 948 2372 sit
976 2313 1078 2388 qui
1105 2314 1286 2385 uiuat,
1318 2313 1459 2371 dum
1491 2312 1651 2371 aliud
1681 2312 1904 2386 aliquid
1934 2312 2113 2388 flagiti
2140 2314 2436 2372 conficiat.
2932 2343 2958 2391 5

624 2412 740 2471 GE.
770 2411 1147 2469 Planissume.
1235 2413 1350 2470 DE.
1414 2412 1516 2468 Eis
1572 2429 1730 2468 nunc
1787 2410 2183 2484 praemiumst,
2240 2410 2341 2484 qui
2395 2413 2559 2469 recta
2612 2430 2795 2487 praua

1251 2507 1489 2566 faciunt.

623 2606 736 2665 GE.
765 2608 1118 2664 Verissume.
1203 2607 1319 2664 DE.
1361 2607 1442 2664 Vt
1469 2606 1825 2664 stultissume
1854 2605 2098 2680 quidem
2125 2605 2205 2662 illi
2234 2624 2359 2663 rem
2386 2610 2755 2681 gesserimus.

624 2704 736 2761 GE.
769 2703 959 2761 Modo
987 2713 1052 2761 ut
1079 2704 1196 2762 hoc
1225 2703 1471 2761 consilio
1500 2703 1723 2778 possiet
1752 2702 1997 2774 discedi,
2028 2712 2092 2760 ut
2120 2703 2291 2760 istam
2317 2703 2517 2761 ducat.

624 2802 738 2858 DE.
777 2801 1148 2878 (anxiously)
1190 2801 1466 2859 Etiamne
1499 2800 1562 2858 id
1596 2800 1941 2859 dubiumst?
2022 2801 2133 2858 GE.
2179 2798 2364 2858 Haud
2406 2801 2531 2858 scio
2573 2801 2789 2874 hercle,

471 2942 490 2953 .
1246 2908 1310 2955 ut
1339 2899 1593 2970 homost,
1623 2916 1701 2956 an
1730 2907 1918 2956 mutet
1946 2898 2228 2955 animum.

444 2994 562 3053 775
621 2997 734 3054 DE.
775 2994 870 3073 (in
920 2996 1149 3071 alarm)
1204 2997 1385 3068 Hem,
1430 2999 1618 3054 mutet
1666 2996 1909 3053 autem?
1988 2995 2104 3054 GE.
2154 2995 2376 3054 Nescio
2397 3015 2415 3069 3
2465 2999 2692 3069 uerum,
2740 2997 2790 3054 si
2899 3023 2955 3054 10

1249 3093 1418 3165 forte,
1449 3092 1604 3151 dico.

620 3190 734 3248 ΒΕ.
767 3191 860 3248 Ita
887 3191 1118 3263 faciam,
1147 3200 1212 3248 ut
1242 3190 1416 3248 frater
1445 3191 1691 3263 censuit,
1720 3199 1785 3248 ut
1812 3194 2058 3249 uxorem
2089 3191 2215 3249 eius
2240 3189 2357 3248 huc
2386 3189 2706 3264 adducam,

766 3288 920 3346 Cum
948 3288 1058 3346 ista
1085 3291 1150 3345 1'1t
1185 3288 1474 3363 loquatur.
1556 3291 1639 3360 tu,
1670 3289 1841 3359 Geta,
1873 3287 1969 3346 abi
2010 3306 2172 3363 prae,
2201 3288 2409 3346 nuntia
2449 3287 2603 3345 hanc
2644 3306 2786 3347 uen-

1245 3389 1450 3444 turam.
1807 3385 2002 3463 (Exit
2020 3386 2145 3443 into
2174 3385 2519 3444 CHREMES’S
2547 3384 2778 3462 house.)

617 3483 734 3544 GE.
771 3481 1190 3562 (soliloquzkes)
1247 3484 1572 3557 Argentum
1620 3483 1982 3540 inuentumst
2042 3481 2365 3545 Phaedriae
2387 3503 2405 3560 3
2464 3481 2542 3540 de
2598 3482 2786 3563 iurgio

1243 3579 1442 3644 siletur
1461 3600 1480 3659 5
