3259 4134
303 287 505 356 i·2·35·]
1376 285 1741 336 PHORMJO.
2750 283 2811 334 n

306 591 330 642 5

312 2541 368 2592 25

443 469 558 530 GE.
586 470 742 528 Ame
771 477 850 541 te,
879 477 941 527 et
969 485 1092 526 non
1119 466 1444 526 neclexisse
1473 466 1670 527 habeo
1696 465 1963 542 gratiam.

443 567 560 628 DA.
591 565 942 626 Praesertim
969 574 1035 624 ut
1063 582 1222 624 nunc
1249 573 1383 623 sunt
1412 567 1643 624 meres:
1689 563 1845 623 adeo
1870 565 1963 623 res
1990 562 2181 623 redit:
2734 564 2813 624 55

589 663 651 724 Si
678 666 808 740 quis
837 662 982 738 quid
1008 661 1223 737 reddit,
1254 665 1468 739 magna
1495 661 1827 722 habendast
1852 661 2056 738 gratia.

590 760 709 822 Sed
736 760 882 836 quid
908 769 971 819 tu
1001 777 1064 820 es
1091 759 1266 819 tristis
1280 761 1309 819 Ρ
1389 760 1501 820 GE.
1559 745 1772 836 Egone
1786 760 1815 818 Ρ
1854 759 2047 818 nescis
2073 777 2196 835 quo
2222 762 2285 818 in
2313 769 2495 834 metu,

591 859 833 934 Quanto
859 861 922 918 in
947 857 1173 934 periclo
1199 860 1378 917 simus
1404 859 1418 916 l
1503 857 1618 917 DA.
1665 855 1827 932 Quid
1858 857 2009 916 istuc
2038 859 2127 916 est
2140 858 2170 916 Ρ
2249 858 2363 918 GE.
2406 858 2587 932 Scies,

590 956 785 1016 Modo
812 958 878 1015 ut
905 965 1102 1014 tacere
1131 954 1338 1031 pessis.
1424 955 1542 1014 DA.
1582 954 1699 1014 Abi
1728 953 1825 1027 εἰς,
1853 953 2143 1015 insciens:

592 1053 820 1130 Quoius
849 1055 912 1112 tu
941 1052 1125 1112 fidem
1153 1053 1216 1112 in
1243 1052 1498 1128 pecunia
1529 1051 1917 1128 perspexeriS,
2738 1053 2817 1112 60

589 1153 810 1211 Verere
837 1151 1024 1211 uerba
1050 1151 1106 1209 ei
1133 1150 1377 1209 credere
1391 1151 1421 1209 Ρ
1499 1150 1602 1211 ubi
1632 1149 1777 1227 quid
1806 1149 1952 1208 mihi
1978 1150 2178 1209 lucrist

587 1249 678 1308 Te
708 1249 908 1308 fallere
921 1249 951 1307 Ρ
1030 1248 1146 1317 GE.
1189 1249 1350 1324 Ergo
1373 1247 1655 1307 ausculta.
1744 1249 1859 1308 DA.
1904 1249 2085 1306 Hanc
2105 1266 2351 1324 operam
2372 1248 2477 1308 tibi
2499 1247 2656 1308 dico.

444 1346 559 1406 GE.
589 1347 755 1406 Senis
781 1346 984 1418 nestri,
1015 1347 1207 1418 Daue,
1237 1345 1476 1405 fratrem
1507 1345 1793 1404 maiorem
1823 1345 2147 1406 Chremem

591 1445 851 1503 Nostin?
917 1444 1032 1502 DA.
1076 1442 1238 1518 Quid
1265 1443 1369 1502 ni?
1434 1444 1548 1504 GE.
1594 1443 1799 1518 Quid?
1838 1442 1965 1502 eius
1995 1453 2238 1519 gnatum
2269 1442 2662 1502 Phaedriam?
2831 1499 2837 1504 .

449 1541 566 1602 DA.
592 1542 747 1600 Tam
776 1543 955 1617 quam
985 1549 1067 1600 te.
1147 1541 1264 1600 GE.
1308 1541 1527 1600 Euenit
1555 1540 1793 1602 senibus
1820 1541 2113 1602 ambobus
2139 1540 2313 1599 simul
2742 1543 2819 1600 65

594 1641 720 1698 Iter
746 1638 828 1698 illi
855 1639 917 1697 in
944 1638 1238 1721 Lemrmm
1265 1647 1332 1696 ut
1359 1640 1532 1711 esset,
1562 1648 1767 1698 nostro
1794 1639 1857 1698 in
1882 1638 2155 1698 Ciliciam

593 1735 688 1795 Ad
717 1735 1012 1812 hospitem
1041 1735 1367 1811 antiquom.
1451 1738 1501 1794 is
1529 1753 1735 1795 senem
1764 1753 1873 1812 per
1902 1735 2178 1812 epistulas

596 1833 860 1908 Pellexit‚
891 1829 1076 1893 modo
1103 1851 1227 1892 non
1253 1833 1473 1892 mentis
1501 1833 1626 1892 auri
1658 1833 1964 1909 pollicens,

446 1931 562 1991 DA.
596 1931 756 2006 Quoi
783 1934 944 1990 tanta
972 1941 1099 1990 erat
1125 1947 1218 1990 res
1247 1933 1308 1989 et
1337 1939 1641 2006 supererat
1654 1932 1682 1990 Ρ
1763 1932 1878 1992 GE.
1922 1931 2209 1990 Desinas:

465 2093 473 2104 ,
594 2029 692 2089 Sic
712 2032 809 2089 >est
837 2029 1156 2106 ingenium.
1241 2029 1358 2088 DA.
1402 2028 1519 2102 Oh,
1552 2031 1753 2105 regem
1783 2046 1879 2088 me
1907 2047 2037 2088 esse
2066 2028 2346 2104 oportuit.
2744 2029 2822 2088 70

447 2126 563 2186 GE.
591 2125 892 2186 Abeuntes
921 2127 1102 2187 ambo
1130 2126 1227 2186 hic
1255 2130 1382 2185 tum
1413 2144 1584 2185 senes
1611 2145 1709 2184 me
1738 2125 1871 2184 ffliis

594 2224 960 2299 Relinquont
985 2225 1154 2299 quasi
1184 2227 1544 2300 magistrum.
1627 2225 1744 2282 DA.
1788 2224 1845 2283 Ο
1873 2224 2048 2296 Geta,
2078 2223 2446 2300 prouinciam
2504 2279 2509 2283 .

596 2321 824 2398 Cepisti
851 2321 1080 2382 duram.
1163 2323 1276 2382 GE.
1316 2321 1494 2401 (with
1523 2340 1563 2379 a
1590 2321 1749 2398 sagrk)
1786 2321 1878 2380 Mi
1904 2324 2043 2380 usus
2070 2321 2252 2393 uenit,
2282 2321 2400 2381 hoc
2428 2321 2588 2381 scio:

595 2418 848 2478 Memini
875 2419 1124 2495 relinqui
1153 2421 1248 2478 me
1277 2418 1397 2479 deo
1427 2419 1576 2479 irato
1606 2437 1762 2478 meo.
2630 2455 2635 2459 -

595 2515 787 2592 Coepi
814 2515 1114 2577 aduorsari
1141 2520 1370 2593 primo:
1418 2516 1563 2592 quid
1592 2516 1788 2576 uerbis
1814 2517 2035 2593 opust?
2744 2517 2781 2576 7
2784 2518 2820 2574 5

596 2615 733 2674 Seni
761 2613 951 2676 fidelis
979 2614 1124 2673 dum
1153 2632 1303 2687 sum,
1335 2615 1602 2690 scapulas
1631 2613 1886 2690 perdidi.

447 2713 565 2772 DA.
591 2712 825 2772 Venere
853 2713 914 2771 in
944 2721 1206 2771 mentem
1237 2713 1315 2770 mi
1350 2714 1568 2773 istaec:
1614 2729 1873 2788 namque
1902 2711 2203 2785 inscitiast,

595 2809 931 2870 Aduersum
959 2809 1258 2868 stimulum
1288 2809 1500 2868 calceS.
1586 2810 1700 2870 GE.
1743 2810 1937 2886 Coepi
1966 2810 2050 2868 eis
2078 2809 2283 2869 omnia

598 2909 840 2982 Facere,
869 2908 1118 2984 ebsequi
1148 2925 1299 2983 quae
1327 2907 1566 2966 uellent.
1651 2908 1770 2966 DA.
1810 2907 1981 2966 Scisti
2007 2910 2093 2966 uti
2122 2907 2267 2988 ἴοι-ο,

314 3036 372 3084 30
453 3009 568 3069 GE.
597 3009 816 3068 Noster
841 3007 980 3066 mali
1008 3006 1089 3065 nil
1116 3009 1436 3082 quicquam
1462 3006 1657 3083 primo
1677 3025 1697 3079 3
1740 3005 1838 3064 hic
1872 3007 2183 3084 (pointing
2219 3013 2275 3063 to
2312 3005 2661 3064 CHREMES’S
2742 3003 2819 3064 80

312 3618 368 3668 35

1075 3103 1285 3180 house)
1325 3102 1615 3164 Phaedria

595 3203 898 3264 Continuo
929 3203 1228 3280 quandam
1257 3205 1467 3261 nactus
1495 3212 1586 3261 est
1613 3200 1929 3278 puellulam

597 3301 1044 3374 Citharistriam‚
1073 3300 1227 3360 hanc
1254 3303 1453 3360 amare
1483 3299 1686 3375 coepit
1712 3298 1965 3375 perdite.

597 3399 689 3460 Ea
715 3399 1008 3459 seruiebat
1035 3398 1233 3458 lenoni
1260 3399 1673 3474 inpurissumO,

597 3497 813 3573 Neque
840 3496 1006 3572 quod
1033 3495 1272 3562 daretur
1297 3499 1616 3571 quiequam
1638 3516 1657 3568 3
1699 3494 1763 3553 id
1790 3495 2064 3553 curarant
2091 3501 2309 3568 patres.
2828 3519 2833 3526 ·

601 3593 886 3653 Restabat
914 3592 1073 3652 aliud
1102 3593 1183 3650 nil
1209 3592 1319 3652 nisi
1349 3593 1552 3652 oculos
1579 3594 1843 3668 pascere,
2740 3589 2821 3648 85
