3259 4134
543 197 606 264 io

537 691 587 730 65

619 1163 724 1218 M1.

620 2039 732 2095 DE.

537 2248 586 2286 10

537 2735 584 2772 15

617 3013 723 3069 Mr.

1327 212 1727 262 ADELPHOE.
2048 211 2101 276 [1
2131 225 2173 272 1,
2199 224 2356 278 52-55
2368 230 2384 272 3
2428 225 2474 273 2,
2506 225 2647 274 1-24.

781 377 1058 437 Fateatur
1083 377 1310 438 nescire
1339 380 1626 455 imperare
1657 377 1870 436 liberis·

778 474 898 536 Sed
925 477 1091 534 estne
1120 475 1218 534 hic
1245 476 1425 552 ipsu53
1455 475 1534 536 de
1561 494 1683 552 quo
1714 475 2004 551 agebam?
2044 483 2105 535 et
2131 478 2291 534 certe
2321 475 2370 536 is
2399 486 2507 536 est.

779 576 1002 635 Nescio
1031 575 1176 651 quid
1205 577 1428 634 tristem
1458 574 1638 634 uideo
1662 596 1674 634 :
1722 574 1923 648 credo,
1952 574 2071 632 iam
2100 577 2164 633 ut
2192 575 2358 648 solet,

777 675 1056 750 Iurgabit.
1085 674 1314 753 (Enter
1327 671 1602 750 DEMEA.)
1629 674 1857 733 saluom
1884 682 1945 732 te
1972 672 2273 747 aduenire,
2293 674 2540 746 Demea,
2562 675 2639 731 80

779 771 1143 832 GaudemuS.

1155 933 1400 1005 Duum,
1443 933 1631 991 M1C10
1669 931 1887 1009 (SENES
1913 930 2011 1008 Π).

1052 1065 1169 1123 DE.
1200 1063 1393 1122 Ehem
1421 1066 1756 1139 opportune
1778 1082 1796 1134 3
1840 1071 1898 1120 te
1928 1062 2121 1138 ipsum
2148 1061 2436 1138 quaerito.

777 1160 938 1234 Quid
968 1161 1143 1219 tristis
1173 1162 1278 1219 es?
1333 1162 1448 1218 DE.
1479 1162 1679 1236 Rogas
1710 1161 1849 1218 me?
1901 1159 2002 1218 ubi
2030 1159 2203 1218 nobis
2230 1159 2623 1220 Aeschinust?

1994 1257 2251 1334 (pauses
2271 1277 2317 1316 ‘a
2349 1257 2629 1333 moment)

777 1355 930 1414 Scies
948 1354 1091 1430 quid
1111 1354 1285 1413 tristis
1308 1357 1419 1430 ego
1442 1355 1552 1412 sim
1568 1356 1596 1412 ?
1651 1355 1759 1412 M1.
1788 1352 1982 1431 (aside
2004 1363 2058 1412 to
2078 1355 2423 1432 spectator-c)
2453 1356 2633 1414 Dixin

1325 1492 1329 1496 -
1419 1451 1535 1510 hoc
1565 1451 1733 1509 fore?

741 1512 750 1521 ’
787 1548 874 1626 (to
905 1547 1160 1625 DEMEA)
1199 1547 1358 1622 Quid
1389 1548 1570 1607 feeit?
1654 1549 1769 1606 DE.
1814 1547 1975 1622 Quid
2017 1549 2112 1606 ine
2155 1549 2401 1608 fecerit?
2458 1568 2637 1626 quem

1419 1649 1611 1720 neque
1642 1644 1829 1721 pudet

775 1744 1112 1822 Quichm
1133 1761 1246 1801 nec
1269 1743 1477 1801 metuit
1497 1745 1859 1818 quemquam
1880 1761 2073 1819 neque
2096 1744 2288 1820 legem
2310 1754 2478 1820 putat
2556 1747 2628 1823 85

775 1843 1005 1900 Tenere
1035 1860 1098 1899 se
1124 1828 1324 1898 ullam.
1380 1859 1520 1897 nam
1550 1841 1647 1898 illa
1674 1858 1824 1916 quae
1854 1841 2106 1898 antehac
2136 1842 2293 1900 sacta
2320 1852 2455 1900 sunt

779 1939 1008 1998 Omitto
1029 1960 1047 2012 3
1091 1937 1274 1996 modo
1303 1936 1446 2014 quid
1476 1937 1851 2012 designauit?
1906 1939 2012 1996 M1.
2045 1937 2205 2012 Quid
2234 1957 2373 1998 nam
2402 1938 2463 1997 id
2494 1940 2623 1997 est?

779 2039 944 2094 Foris
973 2037 1217 2112 ecfregit
1244 2038 1420 2110 atque
1449 2035 1511 2093 in
1539 2034 1704 2095 aedis
1734 2035 1909 2093 inruit

777 2135 1014 2192 Alienas
1033 2155 1051 2206 3
1095 2134 1289 2209 ipsum
1319 2131 1629 2192 d6minum
1662 2141 1838 2207 atque
1868 2149 2111 2193 omnem
2142 2133 2425 2191 familiam

775 2232 1064 2290 Mulcauit
1091 2249 1275 2306 usque
1305 2229 1381 2287 ad
1412 2232 1667 2288 mortem
1688 2250 1705 2302 3
1750 2229 1963 2305 eripuit
1991 2230 2299 2288 mulierem
2558 2247 2637 2306 90

779 2330 974 2403 Quam
1003 2329 1276 2400 amabat3
1321 2328 1578 2385 clamant
1607 2331 1816 2385 Omnes
1844 2326 2268 2402 indignissume

779 2427 1026 2483 Factum
1055 2428 1202 2484 esse.
1264 2426 1380 2483 hoc
1409 2423 1749 2482 aduenienti
1778 2443 1899 2501 quo
1973 2425 2135 2497 mihi,
2165 2425 2369 2498 Micio,

779 2523 994 2581 Dixere
1023 2527 1034 2582 !
1091 2523 1154 2580 in
1182 2532 1338 2580 orest
1367 2523 1528 2582 omni
1559 2523 1803 2597 populo,
1860 2521 2139 2597 denique,

777 2621 835 2678 Si
865 2619 1290 2679 conferendum
1321 2620 1731 2694 exemplumst‚
1760 2637 1882 2678 non
1913 2619 2148 2677 fratrem
2178 2618 2344 2679 uidet

775 2718 889 2774 Rei
917 2717 1058 2776 diue
1087 2736 1349 2793 operam,
1379 2718 1494 2774 ruri
1525 2720 1653 2774 esse
1682 2735 1927 2792 parcum
1956 2735 2027 2774 ac
2056 2716 2360 2775 sobrium?
2560 2736 2633 2796 95

779 2815 1020 2872 Nullum
1049 2815 1218 2872 huius
1246 2815 1434 2872 simile
1465 2815 1703 2872 factum.
1761 2815 1909 2872 haec
1940 2833 2123 2888 quom
2152 2815 2251 2887 illi,
2284 2815 2487 2887 Micio,

781 2913 955 2984 Dico,
987 2913 1092 2972 tibi
1122 2911 1260 2970 dico
1283 2933 1300 2984 3
1344 2916 1404 2970 tu
1437 2913 1598 2969 illum
1628 2915 1926 2987 corrumpi
1956 2913 2113 2971 siniS.

776 3011 1040 3068 Homine
1070 3010 1344 3086 imperito
1373 3014 1697 3084 numquam
1726 3010 2042 3084 quicquam
2074 3011 2382 3082 iniustiust,

778 3109 896 3182 Qui
925 3109 1032 3166 nisi
1062 3107 1224 3183 quod
1253 3108 1379 3182 ipse
1409 3108 1548 3165 fecit
1577 3108 1659 3165 nil
1687 3111 1917 3166 rectum
1945 3116 2130 3184 putat.

715 3251 728 3263 .
774 3208 1070 3279 Quorsum
1109 3206 1300 3263 istuc?
1371 3207 1479 3262 M1.
1517 3205 1675 3278 Quia
1706 3214 1789 3276 tu,
1822 3207 2067 3278 Demea,
2099 3205 2247 3264 haec
2285 3205 2440 3264 male
2482 3204 2631 3265 indi-

1417 3321 1535 3360 cas.
2519 3321 2633 3361 100

778 3402 916 3458 Non
944 3403 1034 3458 est
1063 3400 1362 3475 flagitium,
1395 3400 1536 3457 mihi
1567 3398 1765 3471 crede,
1795 3396 2300 3458 adulescentulum

775 3498 1044 3568 ScortAri,
1075 3515 1268 3572 neque
1298 3499 1502 3572 potare
1525 3518 1542 3569 3
1586 3515 1709 3554 non
1737 3507 1827 3554 est
1847 3517 1865 3570 3
1908 3487 2101 3571 neque
2134 3497 2271 3556 foris

777 3596 1132 3670 chringere.
1189 3595 1335 3653 haec
1365 3594 1413 3652 si
1442 3598 1633 3670 neque
1667 3613 1779 3671 ego
1809 3613 2002 3670 neque
2034 3606 2097 3653 tu
2128 3596 2391 3668 fecimu53

773 3692 912 3748 Non
941 3692 1033 3749 siit
1062 3700 1288 3765 egestas
1318 3692 1508 3749 facere
1539 3711 1648 3750 nos
1669 3712 1686 3764 3
1731 3702 1792 3749 tu
1822 3695 1980 3750 nunc
2010 3693 2117 3751 tibi
